{"data":[{"Customer_Name":"E","Calendar_week":2,"Amount":6.0,"PickAndPay":0,"Revenue":7232.67,"Invoice_Date":"2016-01-13","Article_Number":"108030999","Article_Name":"BOLT 16X25\/M8","Order_Form_ID":"ca5862ac925e28d351ade42a6157f149"},{"Customer_Name":"E","Calendar_week":2,"Amount":6.0,"PickAndPay":0,"Revenue":579.02,"Invoice_Date":"2016-01-13","Article_Number":"111125702","Article_Name":"SPACER 40\/17X2","Order_Form_ID":"ca5862ac925e28d351ade42a6157f149"},{"Customer_Name":"E","Calendar_week":2,"Amount":12.0,"PickAndPay":0,"Revenue":1063.23,"Invoice_Date":"2016-01-13","Article_Number":"106566766","Article_Name":"LOCKING PLATE FUER D=16","Order_Form_ID":"ca5862ac925e28d351ade42a6157f149"},{"Customer_Name":"E","Calendar_week":2,"Amount":1.0,"PickAndPay":0,"Revenue":192.37,"Invoice_Date":"2016-01-13","Article_Number":"110991000","Article_Name":"PACKING CHARGES (CARTON) 200X200X80","Order_Form_ID":"ca5862ac925e28d351ade42a6157f149"},{"Customer_Name":"E","Calendar_week":2,"Amount":6.0,"PickAndPay":0,"Revenue":7437.13,"Invoice_Date":"2016-01-13","Article_Number":"108030999","Article_Name":"BOLT 16X25\/M8","Order_Form_ID":"ca5862ac925e28d351ade42a6157f149"},{"Customer_Name":"E","Calendar_week":2,"Amount":1.0,"PickAndPay":0,"Revenue":192.37,"Invoice_Date":"2016-01-13","Article_Number":"110991000","Article_Name":"PACKING CHARGES (CARTON) 200X200X80","Order_Form_ID":"ca5862ac925e28d351ade42a6157f149"},{"Customer_Name":"E","Calendar_week":2,"Amount":50.0,"PickAndPay":0,"Revenue":38791.63,"Invoice_Date":"2016-01-15","Article_Number":"116904600","Article_Name":"COLOUR FOR BOARD MARKING QUAL.NR.7100-93","Order_Form_ID":"d869bef5e8d207a4afdd7bd17df69338"},{"Customer_Name":"E","Calendar_week":5,"Amount":200.0,"PickAndPay":1,"Revenue":3731.89,"Invoice_Date":"2016-02-06","Article_Number":"107254210","Article_Name":"FELT 46X35X10MM","Order_Form_ID":"e60fa3dbe7717210f07707d2d7a69d59"},{"Customer_Name":"E","Calendar_week":5,"Amount":8.0,"PickAndPay":1,"Revenue":10449.3,"Invoice_Date":"2016-02-06","Article_Number":"105406991","Article_Name":"GRINDING WHEEL 50X11X19MM","Order_Form_ID":"e60fa3dbe7717210f07707d2d7a69d59"},{"Customer_Name":"E","Calendar_week":5,"Amount":6.0,"PickAndPay":1,"Revenue":31827.72,"Invoice_Date":"2016-02-06","Article_Number":"105303998","Article_Name":"DISC CUT KNIFE 240X1,2MM,28°","Order_Form_ID":"e60fa3dbe7717210f07707d2d7a69d59"},{"Customer_Name":"E","Calendar_week":5,"Amount":2.0,"PickAndPay":1,"Revenue":5437.9,"Invoice_Date":"2016-02-06","Article_Number":"111125303","Article_Name":"GLUE DAM JOINT 3X260X220","Order_Form_ID":"e60fa3dbe7717210f07707d2d7a69d59"},{"Customer_Name":"E","Calendar_week":5,"Amount":1.0,"PickAndPay":1,"Revenue":1572.73,"Invoice_Date":"2016-02-06","Article_Number":"111125199","Article_Name":"GLUE DAM JOINT 3X128X197","Order_Form_ID":"e60fa3dbe7717210f07707d2d7a69d59"},{"Customer_Name":"E","Calendar_week":5,"Amount":1.0,"PickAndPay":1,"Revenue":1572.73,"Invoice_Date":"2016-02-06","Article_Number":"111125198","Article_Name":"GLUE DAM JOINT 3X128X197","Order_Form_ID":"e60fa3dbe7717210f07707d2d7a69d59"},{"Customer_Name":"E","Calendar_week":5,"Amount":1.0,"PickAndPay":1,"Revenue":3545.3,"Invoice_Date":"2016-02-06","Article_Number":"199825800","Article_Name":"PERFLU V250 HIGH TEMP 800G 400ML","Order_Form_ID":"e60fa3dbe7717210f07707d2d7a69d59"},{"Customer_Name":"E","Calendar_week":5,"Amount":1.0,"PickAndPay":1,"Revenue":2665.64,"Invoice_Date":"2016-02-06","Article_Number":"197617200","Article_Name":"PROXIMITY SWITCH 10-30VDC\/PNP\/NPN\/4MM","Order_Form_ID":"e60fa3dbe7717210f07707d2d7a69d59"},{"Customer_Name":"E","Calendar_week":6,"Amount":1.0,"PickAndPay":0,"Revenue":2296.3,"Invoice_Date":"2016-02-08","Article_Number":"191271600","Article_Name":"RUBBER COVERING PL.5 60X2800","Order_Form_ID":"9e85a0d5a1609fec6331b6e65bd6ccb6"},{"Customer_Name":"E","Calendar_week":6,"Amount":1.0,"PickAndPay":0,"Revenue":6729.5,"Invoice_Date":"2016-02-08","Article_Number":"139108410","Article_Name":"5\/2 WAY SOLENOID VALVE M 7 - QN 350","Order_Form_ID":"9e85a0d5a1609fec6331b6e65bd6ccb6"},{"Customer_Name":"E","Calendar_week":6,"Amount":1.0,"PickAndPay":0,"Revenue":192.37,"Invoice_Date":"2016-02-08","Article_Number":"110991001","Article_Name":"PACKING CHARGES (CARTON) 200X200X150","Order_Form_ID":"9e85a0d5a1609fec6331b6e65bd6ccb6"},{"Customer_Name":"E","Calendar_week":6,"Amount":2.0,"PickAndPay":0,"Revenue":155.27,"Invoice_Date":"2016-02-08","Article_Number":"113878200","Article_Name":"FLAT PACKING 42X56X2","Order_Form_ID":"990f2661eb1521b069762f8060dbbdc5"},{"Customer_Name":"E","Calendar_week":6,"Amount":1.0,"PickAndPay":0,"Revenue":273.71,"Invoice_Date":"2016-02-08","Article_Number":"115766700","Article_Name":"SLIDE SLEEVE 28\/25X10","Order_Form_ID":"990f2661eb1521b069762f8060dbbdc5"},{"Customer_Name":"E","Calendar_week":6,"Amount":1.0,"PickAndPay":0,"Revenue":137.95,"Invoice_Date":"2016-02-08","Article_Number":"159247","Article_Name":"BUSH 25X 28X 20","Order_Form_ID":"990f2661eb1521b069762f8060dbbdc5"},{"Customer_Name":"E","Calendar_week":6,"Amount":2.0,"PickAndPay":0,"Revenue":1158.04,"Invoice_Date":"2016-02-08","Article_Number":"128195.01","Article_Name":"REDUCING NIPPLE R1 1\/4\"X1\"","Order_Form_ID":"990f2661eb1521b069762f8060dbbdc5"},{"Customer_Name":"E","Calendar_week":6,"Amount":2.0,"PickAndPay":0,"Revenue":2743.41,"Invoice_Date":"2016-02-08","Article_Number":"113883601","Article_Name":"SCREWED JOINT 1 1\/4\"","Order_Form_ID":"990f2661eb1521b069762f8060dbbdc5"},{"Customer_Name":"E","Calendar_week":6,"Amount":1.0,"PickAndPay":0,"Revenue":192.37,"Invoice_Date":"2016-02-08","Article_Number":"110991000","Article_Name":"PACKING CHARGES (CARTON) 200X200X80","Order_Form_ID":"990f2661eb1521b069762f8060dbbdc5"},{"Customer_Name":"E","Calendar_week":6,"Amount":2.0,"PickAndPay":0,"Revenue":6786.66,"Invoice_Date":"2016-02-08","Article_Number":"114687601","Article_Name":"PNEUMATIC CYLINDER","Order_Form_ID":"4d7c42ad332b4f1a3b60cf95576591a5"},{"Customer_Name":"E","Calendar_week":6,"Amount":1.0,"PickAndPay":0,"Revenue":9670.5,"Invoice_Date":"2016-02-08","Article_Number":"125357890","Article_Name":"4\/2 WAY SOLENOID VALVE G1\/8,3-10 BAR - 2","Order_Form_ID":"4d7c42ad332b4f1a3b60cf95576591a5"},{"Customer_Name":"E","Calendar_week":6,"Amount":10.0,"PickAndPay":0,"Revenue":298.17,"Invoice_Date":"2016-02-08","Article_Number":"114773000","Article_Name":"PLASTIC TUBE 4X0.75","Order_Form_ID":"4d7c42ad332b4f1a3b60cf95576591a5"},{"Customer_Name":"E","Calendar_week":6,"Amount":10.0,"PickAndPay":0,"Revenue":3082.25,"Invoice_Date":"2016-02-08","Article_Number":"114735900","Article_Name":"THREADED ELBOW JOINT D4XM6","Order_Form_ID":"4d7c42ad332b4f1a3b60cf95576591a5"},{"Customer_Name":"E","Calendar_week":6,"Amount":1.0,"PickAndPay":0,"Revenue":192.37,"Invoice_Date":"2016-02-08","Article_Number":"110991000","Article_Name":"PACKING CHARGES (CARTON) 200X200X80","Order_Form_ID":"4d7c42ad332b4f1a3b60cf95576591a5"},{"Customer_Name":"E","Calendar_week":6,"Amount":1.0,"PickAndPay":1,"Revenue":839.81,"Invoice_Date":"2016-02-11","Article_Number":"P030FR001","Article_Name":"FREIGHT CHARGES","Order_Form_ID":"be7b9f77030ac3196debce9550647060"},{"Customer_Name":"E","Calendar_week":6,"Amount":2.0,"PickAndPay":1,"Revenue":384.73,"Invoice_Date":"2016-02-11","Article_Number":"P030PA001","Article_Name":"PACKING","Order_Form_ID":"be7b9f77030ac3196debce9550647060"},{"Customer_Name":"E","Calendar_week":6,"Amount":1.0,"PickAndPay":1,"Revenue":615.84,"Invoice_Date":"2016-02-11","Article_Number":"P030FR001","Article_Name":"FREIGHT CHARGES","Order_Form_ID":"be7b9f77030ac3196debce9550647060"},{"Customer_Name":"E","Calendar_week":6,"Amount":1.0,"PickAndPay":1,"Revenue":192.37,"Invoice_Date":"2016-02-11","Article_Number":"P030PA001","Article_Name":"PACKING","Order_Form_ID":"be7b9f77030ac3196debce9550647060"},{"Customer_Name":"E","Calendar_week":7,"Amount":2.0,"PickAndPay":0,"Revenue":6472.55,"Invoice_Date":"2016-02-17","Article_Number":"139097100","Article_Name":"PNEUMATIC CYLINDER 20X 11-G1\/8 DW","Order_Form_ID":"89b7e16a554aa26c7223e6b99fd0d00f"},{"Customer_Name":"E","Calendar_week":7,"Amount":1.0,"PickAndPay":0,"Revenue":192.37,"Invoice_Date":"2016-02-17","Article_Number":"110991000","Article_Name":"PACKING CHARGES (CARTON) 200X200X80","Order_Form_ID":"89b7e16a554aa26c7223e6b99fd0d00f"},{"Customer_Name":"E","Calendar_week":7,"Amount":100.0,"PickAndPay":1,"Revenue":1865.95,"Invoice_Date":"2016-02-17","Article_Number":"107254210","Article_Name":"FELT 46X35X10MM","Order_Form_ID":"e717d1ce83539e3cb871641c97d06643"},{"Customer_Name":"E","Calendar_week":7,"Amount":6.0,"PickAndPay":1,"Revenue":31827.72,"Invoice_Date":"2016-02-17","Article_Number":"105303998","Article_Name":"DISC CUT KNIFE 240X1,2MM,28°","Order_Form_ID":"e717d1ce83539e3cb871641c97d06643"},{"Customer_Name":"E","Calendar_week":7,"Amount":28.0,"PickAndPay":1,"Revenue":14852.83,"Invoice_Date":"2016-02-17","Article_Number":"136481820","Article_Name":"NO-CRUSH-ROLLER 180X65X50","Order_Form_ID":"e717d1ce83539e3cb871641c97d06643"},{"Customer_Name":"E","Calendar_week":7,"Amount":1.0,"PickAndPay":1,"Revenue":4744.84,"Invoice_Date":"2016-02-17","Article_Number":"150697601","Article_Name":"PNEUMATIC CYLINDER 25X 40","Order_Form_ID":"e717d1ce83539e3cb871641c97d06643"},{"Customer_Name":"E","Calendar_week":7,"Amount":1.0,"PickAndPay":1,"Revenue":3012.17,"Invoice_Date":"2016-02-17","Article_Number":"105407210","Article_Name":"TOOTHED BELT 29,5X 8X 640","Order_Form_ID":"e717d1ce83539e3cb871641c97d06643"},{"Customer_Name":"E","Calendar_week":7,"Amount":2.0,"PickAndPay":0,"Revenue":6485.47,"Invoice_Date":"2016-02-18","Article_Number":"108508600","Article_Name":"INTERMEDIATE RING 145","Order_Form_ID":"a0fbe4029f5116b73bb4e2453f9f0c8b"},{"Customer_Name":"E","Calendar_week":7,"Amount":1.0,"PickAndPay":0,"Revenue":43941.81,"Invoice_Date":"2016-02-18","Article_Number":"113015440","Article_Name":"THREE-PHASE MOTOR","Order_Form_ID":"a0fbe4029f5116b73bb4e2453f9f0c8b"},{"Customer_Name":"E","Calendar_week":7,"Amount":1.0,"PickAndPay":0,"Revenue":10832.93,"Invoice_Date":"2016-02-18","Article_Number":"P030FR001","Article_Name":"FREIGHT CHARGES","Order_Form_ID":"a0fbe4029f5116b73bb4e2453f9f0c8b"},{"Customer_Name":"E","Calendar_week":9,"Amount":1.0,"PickAndPay":0,"Revenue":16611.05,"Invoice_Date":"2016-03-01","Article_Number":"194858407","Article_Name":"FREQUENCY CONTROLLER 2.4A\/320-550V\/0.75K","Order_Form_ID":"ab838108392fa7992a1ba00d745e25f2"},{"Customer_Name":"E","Calendar_week":9,"Amount":1.0,"PickAndPay":0,"Revenue":1972.02,"Invoice_Date":"2016-03-01","Article_Number":"132936401","Article_Name":"MODULE","Order_Form_ID":"ab838108392fa7992a1ba00d745e25f2"},{"Customer_Name":"E","Calendar_week":9,"Amount":1.0,"PickAndPay":0,"Revenue":192.37,"Invoice_Date":"2016-03-01","Article_Number":"110991002","Article_Name":"PACKING CHARGES (CARTON) 300X300X200","Order_Form_ID":"ab838108392fa7992a1ba00d745e25f2"},{"Customer_Name":"E","Calendar_week":9,"Amount":2.0,"PickAndPay":0,"Revenue":7586.35,"Invoice_Date":"2016-03-03","Article_Number":"178188401","Article_Name":"LIGHT BARRIER 24 VDC","Order_Form_ID":"344de4b9e723bd7251d3b47f00d62437"},{"Customer_Name":"E","Calendar_week":9,"Amount":1.0,"PickAndPay":0,"Revenue":192.37,"Invoice_Date":"2016-03-03","Article_Number":"110991000","Article_Name":"PACKING CHARGES (CARTON) 200X200X80","Order_Form_ID":"344de4b9e723bd7251d3b47f00d62437"},{"Customer_Name":"E","Calendar_week":10,"Amount":21.0,"PickAndPay":1,"Revenue":40724.36,"Invoice_Date":"2016-03-07","Article_Number":"123428001","Article_Name":"ROLL 125\/95X70","Order_Form_ID":"bc42f7d16587fd3b55e30483cd19358c"},{"Customer_Name":"E","Calendar_week":10,"Amount":16.0,"PickAndPay":1,"Revenue":82327.82,"Invoice_Date":"2016-03-07","Article_Number":"126292402","Article_Name":"BRUSH ROLL SEGMENT 300X203X216MM","Order_Form_ID":"bc42f7d16587fd3b55e30483cd19358c"},{"Customer_Name":"E","Calendar_week":10,"Amount":6.0,"PickAndPay":1,"Revenue":2373.79,"Invoice_Date":"2016-03-07","Article_Number":"114519400","Article_Name":"SUPPORT RING SG38.8X45X1.4G","Order_Form_ID":"bc42f7d16587fd3b55e30483cd19358c"},{"Customer_Name":"E","Calendar_week":10,"Amount":200.0,"PickAndPay":1,"Revenue":3620.05,"Invoice_Date":"2016-03-07","Article_Number":"107254210","Article_Name":"FELT 46X35X10MM","Order_Form_ID":"bc42f7d16587fd3b55e30483cd19358c"},{"Customer_Name":"E","Calendar_week":10,"Amount":14.0,"PickAndPay":1,"Revenue":72036.81,"Invoice_Date":"2016-03-07","Article_Number":"105303998","Article_Name":"DISC CUT KNIFE 240X1,2MM,28°","Order_Form_ID":"bc42f7d16587fd3b55e30483cd19358c"},{"Customer_Name":"E","Calendar_week":10,"Amount":32.0,"PickAndPay":1,"Revenue":16465.67,"Invoice_Date":"2016-03-07","Article_Number":"136481820","Article_Name":"NO-CRUSH-ROLLER 180X65X50","Order_Form_ID":"bc42f7d16587fd3b55e30483cd19358c"},{"Customer_Name":"E","Calendar_week":10,"Amount":1.0,"PickAndPay":1,"Revenue":4136.96,"Invoice_Date":"2016-03-07","Article_Number":"119958260","Article_Name":"STEAM HOSE 1 1\/4\"X930MM","Order_Form_ID":"bc42f7d16587fd3b55e30483cd19358c"},{"Customer_Name":"E","Calendar_week":10,"Amount":1.0,"PickAndPay":1,"Revenue":3956.14,"Invoice_Date":"2016-03-07","Article_Number":"119957860","Article_Name":"STEAM HOSE 1\"X875MM -5\/+10","Order_Form_ID":"bc42f7d16587fd3b55e30483cd19358c"},{"Customer_Name":"E","Calendar_week":10,"Amount":1.0,"PickAndPay":1,"Revenue":1344.64,"Invoice_Date":"2016-03-07","Article_Number":"109612522","Article_Name":"SEALING LEDGE 5,5X65X2965","Order_Form_ID":"bc42f7d16587fd3b55e30483cd19358c"},{"Customer_Name":"E","Calendar_week":10,"Amount":2.0,"PickAndPay":1,"Revenue":149.5,"Invoice_Date":"2016-03-07","Article_Number":"150343","Article_Name":"SEALING RING 38,0X46,0X2,0","Order_Form_ID":"bc42f7d16587fd3b55e30483cd19358c"},{"Customer_Name":"E","Calendar_week":10,"Amount":2.0,"PickAndPay":1,"Revenue":7309.89,"Invoice_Date":"2016-03-07","Article_Number":"199825800","Article_Name":"PERFLU V250 HIGH TEMP 800G 400ML","Order_Form_ID":"bc42f7d16587fd3b55e30483cd19358c"},{"Customer_Name":"E","Calendar_week":10,"Amount":-21.0,"PickAndPay":1,"Revenue":-40724.36,"Invoice_Date":"2016-03-07","Article_Number":"123428001","Article_Name":"ROLL 125\/95X70","Order_Form_ID":"b6f4784779c5a27b28fcc7ac035d5679"},{"Customer_Name":"E","Calendar_week":10,"Amount":-16.0,"PickAndPay":1,"Revenue":-82327.82,"Invoice_Date":"2016-03-07","Article_Number":"126292402","Article_Name":"BRUSH ROLL SEGMENT 300X203X216MM","Order_Form_ID":"b6f4784779c5a27b28fcc7ac035d5679"},{"Customer_Name":"E","Calendar_week":10,"Amount":-6.0,"PickAndPay":1,"Revenue":-2373.79,"Invoice_Date":"2016-03-07","Article_Number":"114519400","Article_Name":"SUPPORT RING SG38.8X45X1.4G","Order_Form_ID":"b6f4784779c5a27b28fcc7ac035d5679"},{"Customer_Name":"E","Calendar_week":10,"Amount":-200.0,"PickAndPay":1,"Revenue":-3620.05,"Invoice_Date":"2016-03-07","Article_Number":"107254210","Article_Name":"FELT 46X35X10MM","Order_Form_ID":"b6f4784779c5a27b28fcc7ac035d5679"},{"Customer_Name":"E","Calendar_week":10,"Amount":-14.0,"PickAndPay":1,"Revenue":-72036.81,"Invoice_Date":"2016-03-07","Article_Number":"105303998","Article_Name":"DISC CUT KNIFE 240X1,2MM,28°","Order_Form_ID":"b6f4784779c5a27b28fcc7ac035d5679"},{"Customer_Name":"E","Calendar_week":10,"Amount":-32.0,"PickAndPay":1,"Revenue":-16465.67,"Invoice_Date":"2016-03-07","Article_Number":"136481820","Article_Name":"NO-CRUSH-ROLLER 180X65X50","Order_Form_ID":"b6f4784779c5a27b28fcc7ac035d5679"},{"Customer_Name":"E","Calendar_week":10,"Amount":-1.0,"PickAndPay":1,"Revenue":-4136.96,"Invoice_Date":"2016-03-07","Article_Number":"119958260","Article_Name":"STEAM HOSE 1 1\/4\"X930MM","Order_Form_ID":"b6f4784779c5a27b28fcc7ac035d5679"},{"Customer_Name":"E","Calendar_week":10,"Amount":-1.0,"PickAndPay":1,"Revenue":-3956.14,"Invoice_Date":"2016-03-07","Article_Number":"119957860","Article_Name":"STEAM HOSE 1\"X875MM -5\/+10","Order_Form_ID":"b6f4784779c5a27b28fcc7ac035d5679"},{"Customer_Name":"E","Calendar_week":10,"Amount":-1.0,"PickAndPay":1,"Revenue":-1344.64,"Invoice_Date":"2016-03-07","Article_Number":"109612522","Article_Name":"SEALING LEDGE 5,5X65X2965","Order_Form_ID":"b6f4784779c5a27b28fcc7ac035d5679"},{"Customer_Name":"E","Calendar_week":10,"Amount":-2.0,"PickAndPay":1,"Revenue":-149.5,"Invoice_Date":"2016-03-07","Article_Number":"150343","Article_Name":"SEALING RING 38,0X46,0X2,0","Order_Form_ID":"b6f4784779c5a27b28fcc7ac035d5679"},{"Customer_Name":"E","Calendar_week":10,"Amount":-2.0,"PickAndPay":1,"Revenue":-7309.89,"Invoice_Date":"2016-03-07","Article_Number":"199825800","Article_Name":"PERFLU V250 HIGH TEMP 800G 400ML","Order_Form_ID":"b6f4784779c5a27b28fcc7ac035d5679"},{"Customer_Name":"E","Calendar_week":10,"Amount":21.0,"PickAndPay":1,"Revenue":41983.8,"Invoice_Date":"2016-03-07","Article_Number":"123428001","Article_Name":"ROLL 125\/95X70","Order_Form_ID":"81063bb5980c5f11a0e95358880231dc"},{"Customer_Name":"E","Calendar_week":10,"Amount":16.0,"PickAndPay":1,"Revenue":84873.92,"Invoice_Date":"2016-03-07","Article_Number":"126292402","Article_Name":"BRUSH ROLL SEGMENT 300X203X216MM","Order_Form_ID":"81063bb5980c5f11a0e95358880231dc"},{"Customer_Name":"E","Calendar_week":10,"Amount":6.0,"PickAndPay":1,"Revenue":2447.17,"Invoice_Date":"2016-03-07","Article_Number":"114519400","Article_Name":"SUPPORT RING SG38.8X45X1.4G","Order_Form_ID":"81063bb5980c5f11a0e95358880231dc"},{"Customer_Name":"E","Calendar_week":10,"Amount":200.0,"PickAndPay":1,"Revenue":3731.89,"Invoice_Date":"2016-03-07","Article_Number":"107254210","Article_Name":"FELT 46X35X10MM","Order_Form_ID":"81063bb5980c5f11a0e95358880231dc"},{"Customer_Name":"E","Calendar_week":10,"Amount":14.0,"PickAndPay":1,"Revenue":74264.68,"Invoice_Date":"2016-03-07","Article_Number":"105303998","Article_Name":"DISC CUT KNIFE 240X1,2MM,28°","Order_Form_ID":"81063bb5980c5f11a0e95358880231dc"},{"Customer_Name":"E","Calendar_week":10,"Amount":32.0,"PickAndPay":1,"Revenue":16974.89,"Invoice_Date":"2016-03-07","Article_Number":"136481820","Article_Name":"NO-CRUSH-ROLLER 180X65X50","Order_Form_ID":"81063bb5980c5f11a0e95358880231dc"},{"Customer_Name":"E","Calendar_week":10,"Amount":1.0,"PickAndPay":1,"Revenue":4265.02,"Invoice_Date":"2016-03-07","Article_Number":"119958260","Article_Name":"STEAM HOSE 1 1\/4\"X930MM","Order_Form_ID":"81063bb5980c5f11a0e95358880231dc"},{"Customer_Name":"E","Calendar_week":10,"Amount":1.0,"PickAndPay":1,"Revenue":4078.43,"Invoice_Date":"2016-03-07","Article_Number":"119957860","Article_Name":"STEAM HOSE 1\"X875MM -5\/+10","Order_Form_ID":"81063bb5980c5f11a0e95358880231dc"},{"Customer_Name":"E","Calendar_week":10,"Amount":1.0,"PickAndPay":1,"Revenue":1386.13,"Invoice_Date":"2016-03-07","Article_Number":"109612522","Article_Name":"SEALING LEDGE 5,5X65X2965","Order_Form_ID":"81063bb5980c5f11a0e95358880231dc"},{"Customer_Name":"E","Calendar_week":10,"Amount":2.0,"PickAndPay":1,"Revenue":154.17,"Invoice_Date":"2016-03-07","Article_Number":"150343","Article_Name":"SEALING RING 38,0X46,0X2,0","Order_Form_ID":"81063bb5980c5f11a0e95358880231dc"},{"Customer_Name":"E","Calendar_week":10,"Amount":2.0,"PickAndPay":1,"Revenue":7309.89,"Invoice_Date":"2016-03-07","Article_Number":"199825800","Article_Name":"PERFLU V250 HIGH TEMP 800G 400ML","Order_Form_ID":"81063bb5980c5f11a0e95358880231dc"},{"Customer_Name":"E","Calendar_week":12,"Amount":30.0,"PickAndPay":0,"Revenue":9098.35,"Invoice_Date":"2016-03-23","Article_Number":"114735900","Article_Name":"THREADED ELBOW JOINT D4XM6","Order_Form_ID":"266792f1074849d122df55005dbf8537"},{"Customer_Name":"E","Calendar_week":12,"Amount":20.0,"PickAndPay":0,"Revenue":538.62,"Invoice_Date":"2016-03-23","Article_Number":"114773000","Article_Name":"PLASTIC TUBE 4X0.75","Order_Form_ID":"266792f1074849d122df55005dbf8537"},{"Customer_Name":"E","Calendar_week":12,"Amount":2.0,"PickAndPay":0,"Revenue":3822.03,"Invoice_Date":"2016-03-23","Article_Number":"100614002","Article_Name":"CHAIN TENSIONER 4KT 30X30X128","Order_Form_ID":"266792f1074849d122df55005dbf8537"},{"Customer_Name":"E","Calendar_week":12,"Amount":2.0,"PickAndPay":0,"Revenue":1138.25,"Invoice_Date":"2016-03-23","Article_Number":"122557","Article_Name":"TENSION JACK NUT M 24","Order_Form_ID":"266792f1074849d122df55005dbf8537"},{"Customer_Name":"E","Calendar_week":12,"Amount":2.0,"PickAndPay":0,"Revenue":45.62,"Invoice_Date":"2016-03-23","Article_Number":"122350","Article_Name":"HEXAGONAL NUT M24","Order_Form_ID":"266792f1074849d122df55005dbf8537"},{"Customer_Name":"E","Calendar_week":12,"Amount":2.0,"PickAndPay":0,"Revenue":3822.31,"Invoice_Date":"2016-03-23","Article_Number":"100614003","Article_Name":"CHAIN TENSIONER 4KT 30X30X128","Order_Form_ID":"266792f1074849d122df55005dbf8537"},{"Customer_Name":"E","Calendar_week":12,"Amount":2.0,"PickAndPay":0,"Revenue":161.31,"Invoice_Date":"2016-03-23","Article_Number":"122348","Article_Name":"HEXAGONAL NUT M24","Order_Form_ID":"266792f1074849d122df55005dbf8537"},{"Customer_Name":"E","Calendar_week":12,"Amount":1.0,"PickAndPay":0,"Revenue":3898.43,"Invoice_Date":"2016-03-23","Article_Number":"181608200","Article_Name":"CHAIN WHEEL 20B1X17X70H7","Order_Form_ID":"266792f1074849d122df55005dbf8537"},{"Customer_Name":"E","Calendar_week":12,"Amount":1.0,"PickAndPay":0,"Revenue":5014.15,"Invoice_Date":"2016-03-23","Article_Number":"181608201","Article_Name":"CHAIN WHEEL 20B1X25X70H7","Order_Form_ID":"266792f1074849d122df55005dbf8537"},{"Customer_Name":"E","Calendar_week":12,"Amount":1.0,"PickAndPay":0,"Revenue":3898.43,"Invoice_Date":"2016-03-23","Article_Number":"181608200","Article_Name":"CHAIN WHEEL 20B1X17X70H7","Order_Form_ID":"266792f1074849d122df55005dbf8537"},{"Customer_Name":"E","Calendar_week":12,"Amount":1.0,"PickAndPay":0,"Revenue":5014.15,"Invoice_Date":"2016-03-23","Article_Number":"181608201","Article_Name":"CHAIN WHEEL 20B1X25X70H7","Order_Form_ID":"266792f1074849d122df55005dbf8537"},{"Customer_Name":"E","Calendar_week":12,"Amount":1.0,"PickAndPay":0,"Revenue":5014.15,"Invoice_Date":"2016-03-23","Article_Number":"181608201","Article_Name":"CHAIN WHEEL 20B1X25X70H7","Order_Form_ID":"266792f1074849d122df55005dbf8537"},{"Customer_Name":"E","Calendar_week":12,"Amount":2.0,"PickAndPay":0,"Revenue":10028.02,"Invoice_Date":"2016-03-23","Article_Number":"181608201","Article_Name":"CHAIN WHEEL 20B1X25X70H7","Order_Form_ID":"266792f1074849d122df55005dbf8537"},{"Customer_Name":"E","Calendar_week":12,"Amount":1.0,"PickAndPay":0,"Revenue":2473.27,"Invoice_Date":"2016-03-23","Article_Number":"V00000012","Article_Name":"PACKING CHARGES (BOX) 790X380X380MM","Order_Form_ID":"266792f1074849d122df55005dbf8537"},{"Customer_Name":"E","Calendar_week":14,"Amount":2.0,"PickAndPay":0,"Revenue":1775.81,"Invoice_Date":"2016-04-06","Article_Number":"164928130","Article_Name":"CABLE 5M PUR 5X0,34MM² M12*1","Order_Form_ID":"286e12b9ba8b904d050700dd40bfd6f0"},{"Customer_Name":"E","Calendar_week":14,"Amount":1.0,"PickAndPay":0,"Revenue":192.37,"Invoice_Date":"2016-04-06","Article_Number":"110991000","Article_Name":"PACKING CHARGES (CARTON) 200X200X80","Order_Form_ID":"286e12b9ba8b904d050700dd40bfd6f0"},{"Customer_Name":"E","Calendar_week":16,"Amount":2.0,"PickAndPay":0,"Revenue":5108.68,"Invoice_Date":"2016-04-19","Article_Number":"136746","Article_Name":"PILLOW BLOCK FRAME UNIT 60X240X140 - 222","Order_Form_ID":"384725f81b43c4e3449b7af379b66101"},{"Customer_Name":"E","Calendar_week":16,"Amount":2.0,"PickAndPay":0,"Revenue":8432.49,"Invoice_Date":"2016-04-19","Article_Number":"137109","Article_Name":"PILLOW BLOCK FRAME UNIT 60X240X60X140","Order_Form_ID":"384725f81b43c4e3449b7af379b66101"},{"Customer_Name":"E","Calendar_week":16,"Amount":1.0,"PickAndPay":0,"Revenue":192.37,"Invoice_Date":"2016-04-19","Article_Number":"110991004","Article_Name":"PACKING CHARGES (CARTON) 610X410X230","Order_Form_ID":"384725f81b43c4e3449b7af379b66101"},{"Customer_Name":"E","Calendar_week":17,"Amount":1.0,"PickAndPay":0,"Revenue":31575.45,"Invoice_Date":"2016-04-25","Article_Number":"121010690","Article_Name":"SET OF SEALS K=1 1\/2\"","Order_Form_ID":"53cacbe43a27f8e76e59a54714ecf6f5"},{"Customer_Name":"E","Calendar_week":19,"Amount":50.0,"PickAndPay":1,"Revenue":932.97,"Invoice_Date":"2016-05-09","Article_Number":"107254210","Article_Name":"FELT 46X35X10MM","Order_Form_ID":"383309e1869b007e0ee3d930d836111f"},{"Customer_Name":"E","Calendar_week":19,"Amount":1.0,"PickAndPay":1,"Revenue":2612.33,"Invoice_Date":"2016-05-09","Article_Number":"197617300","Article_Name":"PROXIMITY SWITCH 10-30VDC\/PNP\/4MM","Order_Form_ID":"383309e1869b007e0ee3d930d836111f"},{"Customer_Name":"E","Calendar_week":19,"Amount":2.0,"PickAndPay":1,"Revenue":143118.66,"Invoice_Date":"2016-05-09","Article_Number":"109888054","Article_Name":"KNIFE 2840X30X8 AB2800","Order_Form_ID":"383309e1869b007e0ee3d930d836111f"},{"Customer_Name":"E","Calendar_week":19,"Amount":96.0,"PickAndPay":1,"Revenue":25.56,"Invoice_Date":"2016-05-09","Article_Number":"177592300","Article_Name":"PLATE SPRING 8,4X15X2","Order_Form_ID":"383309e1869b007e0ee3d930d836111f"},{"Customer_Name":"E","Calendar_week":19,"Amount":96.0,"PickAndPay":1,"Revenue":25.56,"Invoice_Date":"2016-05-09","Article_Number":"100441800","Article_Name":"SUPPORTING PLATE S 10X16X1,2","Order_Form_ID":"383309e1869b007e0ee3d930d836111f"},{"Customer_Name":"E","Calendar_week":19,"Amount":96.0,"PickAndPay":1,"Revenue":25.56,"Invoice_Date":"2016-05-09","Article_Number":"191757201","Article_Name":"LENS HEAD SCREW M8X25","Order_Form_ID":"383309e1869b007e0ee3d930d836111f"},{"Customer_Name":"E","Calendar_week":19,"Amount":8.0,"PickAndPay":1,"Revenue":2.2,"Invoice_Date":"2016-05-09","Article_Number":"191757200","Article_Name":"LENS HEAD SCREW M8X16","Order_Form_ID":"383309e1869b007e0ee3d930d836111f"},{"Customer_Name":"E","Calendar_week":19,"Amount":2.0,"PickAndPay":1,"Revenue":0.55,"Invoice_Date":"2016-05-09","Article_Number":"177671310","Article_Name":"ADHESIVE LABEL","Order_Form_ID":"383309e1869b007e0ee3d930d836111f"},{"Customer_Name":"E","Calendar_week":19,"Amount":1.0,"PickAndPay":1,"Revenue":0.27,"Invoice_Date":"2016-05-09","Article_Number":"173687700","Article_Name":"TORX SOCKET GR.TX40 1\/2-ZOLL","Order_Form_ID":"383309e1869b007e0ee3d930d836111f"},{"Customer_Name":"E","Calendar_week":19,"Amount":2.0,"PickAndPay":1,"Revenue":4851.46,"Invoice_Date":"2016-05-09","Article_Number":"100335702","Article_Name":"BACOMIN V42-50 UNIVERSAL 400ML","Order_Form_ID":"1371b3eac7f709932971c9ef41d303c7"},{"Customer_Name":"E","Calendar_week":19,"Amount":8.0,"PickAndPay":1,"Revenue":10449.3,"Invoice_Date":"2016-05-09","Article_Number":"105406991","Article_Name":"GRINDING WHEEL 50X11X19MM","Order_Form_ID":"1371b3eac7f709932971c9ef41d303c7"},{"Customer_Name":"E","Calendar_week":19,"Amount":200.0,"PickAndPay":1,"Revenue":3731.89,"Invoice_Date":"2016-05-09","Article_Number":"107254210","Article_Name":"FELT 46X35X10MM","Order_Form_ID":"1371b3eac7f709932971c9ef41d303c7"},{"Customer_Name":"E","Calendar_week":19,"Amount":9.0,"PickAndPay":1,"Revenue":47741.58,"Invoice_Date":"2016-05-09","Article_Number":"105303998","Article_Name":"DISC CUT KNIFE 240X1,2MM,28°","Order_Form_ID":"1371b3eac7f709932971c9ef41d303c7"},{"Customer_Name":"E","Calendar_week":19,"Amount":2.0,"PickAndPay":1,"Revenue":7090.6,"Invoice_Date":"2016-05-09","Article_Number":"199825800","Article_Name":"PERFLU V250 HIGH TEMP 800G 400ML","Order_Form_ID":"1371b3eac7f709932971c9ef41d303c7"},{"Customer_Name":"E","Calendar_week":19,"Amount":1.0,"PickAndPay":1,"Revenue":192.37,"Invoice_Date":"2016-05-09","Article_Number":"P030PA001","Article_Name":"PACKING","Order_Form_ID":"61ea5900933e506a0b7c598b4966f651"},{"Customer_Name":"E","Calendar_week":19,"Amount":1.0,"PickAndPay":1,"Revenue":821.4,"Invoice_Date":"2016-05-09","Article_Number":"P030FR001","Article_Name":"FREIGHT CHARGES","Order_Form_ID":"61ea5900933e506a0b7c598b4966f651"},{"Customer_Name":"E","Calendar_week":19,"Amount":1.0,"PickAndPay":1,"Revenue":186.59,"Invoice_Date":"2016-05-09","Article_Number":"P030PA001","Article_Name":"PACKING","Order_Form_ID":"a2f1f51ef674dcc80776be11c16fcbfd"},{"Customer_Name":"E","Calendar_week":19,"Amount":1.0,"PickAndPay":1,"Revenue":814.53,"Invoice_Date":"2016-05-09","Article_Number":"P030FR001","Article_Name":"FREIGHT CHARGES","Order_Form_ID":"a2f1f51ef674dcc80776be11c16fcbfd"},{"Customer_Name":"E","Calendar_week":19,"Amount":1.0,"PickAndPay":1,"Revenue":1099.23,"Invoice_Date":"2016-05-09","Article_Number":"P030PA001","Article_Name":"PACKING","Order_Form_ID":"e8fd32fd257a2f299c4ae564d21b0bc7"},{"Customer_Name":"E","Calendar_week":19,"Amount":1.0,"PickAndPay":1,"Revenue":4040.23,"Invoice_Date":"2016-05-09","Article_Number":"P030FR001","Article_Name":"FREIGHT CHARGES","Order_Form_ID":"e8fd32fd257a2f299c4ae564d21b0bc7"},{"Customer_Name":"E","Calendar_week":20,"Amount":1.0,"PickAndPay":1,"Revenue":23108.06,"Invoice_Date":"2016-05-19","Article_Number":"BSP3000090","Article_Name":"NICE PARTS Contract","Order_Form_ID":"67f6ae6ed81d70158e24b0a6e0aca779"},{"Customer_Name":"E","Calendar_week":22,"Amount":100.0,"PickAndPay":1,"Revenue":1923.66,"Invoice_Date":"2016-06-01","Article_Number":"107254210","Article_Name":"FELT 46X35X10MM","Order_Form_ID":"40240e8b9089502aff1c755b96b230eb"},{"Customer_Name":"E","Calendar_week":22,"Amount":12.0,"PickAndPay":1,"Revenue":65624.16,"Invoice_Date":"2016-06-01","Article_Number":"105303998","Article_Name":"DISC CUT KNIFE 240X1,2MM,28°","Order_Form_ID":"40240e8b9089502aff1c755b96b230eb"},{"Customer_Name":"E","Calendar_week":22,"Amount":1.0,"PickAndPay":1,"Revenue":2500.75,"Invoice_Date":"2016-06-01","Article_Number":"100335702","Article_Name":"BACOMIN V42-50 UNIVERSAL 400ML","Order_Form_ID":"40240e8b9089502aff1c755b96b230eb"},{"Customer_Name":"E","Calendar_week":22,"Amount":2.0,"PickAndPay":1,"Revenue":7309.89,"Invoice_Date":"2016-06-01","Article_Number":"199825800","Article_Name":"PERFLU V250 HIGH TEMP 800G 400ML","Order_Form_ID":"40240e8b9089502aff1c755b96b230eb"},{"Customer_Name":"E","Calendar_week":22,"Amount":8.0,"PickAndPay":1,"Revenue":4506.85,"Invoice_Date":"2016-06-01","Article_Number":"123052320","Article_Name":"NO-CRUSH-ROLLER 165X65X50","Order_Form_ID":"40240e8b9089502aff1c755b96b230eb"},{"Customer_Name":"E","Calendar_week":22,"Amount":1.0,"PickAndPay":1,"Revenue":1566.41,"Invoice_Date":"2016-06-01","Article_Number":"P030PA001","Article_Name":"PACKING","Order_Form_ID":"688b648212229aa5b8ebc0fdd5b4c4bf"},{"Customer_Name":"E","Calendar_week":22,"Amount":1.0,"PickAndPay":1,"Revenue":1862.1,"Invoice_Date":"2016-06-01","Article_Number":"P030FR001","Article_Name":"FREIGHT CHARGES","Order_Form_ID":"688b648212229aa5b8ebc0fdd5b4c4bf"},{"Customer_Name":"E","Calendar_week":22,"Amount":-100.0,"PickAndPay":1,"Revenue":-1923.66,"Invoice_Date":"2016-06-01","Article_Number":"107254210","Article_Name":"FELT 46X35X10MM","Order_Form_ID":"f1cc340bb0a4af43599985644eab69b1"},{"Customer_Name":"E","Calendar_week":22,"Amount":-12.0,"PickAndPay":1,"Revenue":-65624.16,"Invoice_Date":"2016-06-01","Article_Number":"105303998","Article_Name":"DISC CUT KNIFE 240X1,2MM,28°","Order_Form_ID":"f1cc340bb0a4af43599985644eab69b1"},{"Customer_Name":"E","Calendar_week":22,"Amount":-1.0,"PickAndPay":1,"Revenue":-2500.75,"Invoice_Date":"2016-06-01","Article_Number":"100335702","Article_Name":"BACOMIN V42-50 UNIVERSAL 400ML","Order_Form_ID":"f1cc340bb0a4af43599985644eab69b1"},{"Customer_Name":"E","Calendar_week":22,"Amount":-2.0,"PickAndPay":1,"Revenue":-7309.89,"Invoice_Date":"2016-06-01","Article_Number":"199825800","Article_Name":"PERFLU V250 HIGH TEMP 800G 400ML","Order_Form_ID":"f1cc340bb0a4af43599985644eab69b1"},{"Customer_Name":"E","Calendar_week":22,"Amount":-8.0,"PickAndPay":1,"Revenue":-4506.85,"Invoice_Date":"2016-06-01","Article_Number":"123052320","Article_Name":"NO-CRUSH-ROLLER 165X65X50","Order_Form_ID":"f1cc340bb0a4af43599985644eab69b1"},{"Customer_Name":"E","Calendar_week":22,"Amount":100.0,"PickAndPay":1,"Revenue":1865.95,"Invoice_Date":"2016-06-01","Article_Number":"107254210","Article_Name":"FELT 46X35X10MM","Order_Form_ID":"782fbd456ea7278b5bfb1485d636e836"},{"Customer_Name":"E","Calendar_week":22,"Amount":12.0,"PickAndPay":1,"Revenue":63655.44,"Invoice_Date":"2016-06-01","Article_Number":"105303998","Article_Name":"DISC CUT KNIFE 240X1,2MM,28°","Order_Form_ID":"782fbd456ea7278b5bfb1485d636e836"},{"Customer_Name":"E","Calendar_week":22,"Amount":1.0,"PickAndPay":1,"Revenue":2500.75,"Invoice_Date":"2016-06-01","Article_Number":"100335702","Article_Name":"BACOMIN V42-50 UNIVERSAL 400ML","Order_Form_ID":"782fbd456ea7278b5bfb1485d636e836"},{"Customer_Name":"E","Calendar_week":22,"Amount":2.0,"PickAndPay":1,"Revenue":7309.89,"Invoice_Date":"2016-06-01","Article_Number":"199825800","Article_Name":"PERFLU V250 HIGH TEMP 800G 400ML","Order_Form_ID":"782fbd456ea7278b5bfb1485d636e836"},{"Customer_Name":"E","Calendar_week":22,"Amount":8.0,"PickAndPay":1,"Revenue":4371.65,"Invoice_Date":"2016-06-01","Article_Number":"123052320","Article_Name":"NO-CRUSH-ROLLER 165X65X50","Order_Form_ID":"782fbd456ea7278b5bfb1485d636e836"},{"Customer_Name":"E","Calendar_week":22,"Amount":3.0,"PickAndPay":0,"Revenue":880.76,"Invoice_Date":"2016-06-03","Article_Number":"150901101","Article_Name":"COVER BL.1,5X87X87","Order_Form_ID":"ca803ea677fb545ef3207474e72891a6"},{"Customer_Name":"E","Calendar_week":22,"Amount":3.0,"PickAndPay":0,"Revenue":2741.76,"Invoice_Date":"2016-06-03","Article_Number":"146581902","Article_Name":"FLANGE D118X36,5","Order_Form_ID":"ca803ea677fb545ef3207474e72891a6"},{"Customer_Name":"E","Calendar_week":22,"Amount":1.0,"PickAndPay":0,"Revenue":192.37,"Invoice_Date":"2016-06-03","Article_Number":"110991000","Article_Name":"PACKING CHARGES (CARTON) 200X200X80","Order_Form_ID":"ca803ea677fb545ef3207474e72891a6"},{"Customer_Name":"E","Calendar_week":23,"Amount":1.0,"PickAndPay":0,"Revenue":10829.64,"Invoice_Date":"2016-06-10","Article_Number":"115204901","Article_Name":"MOTOR SHAFT 118X221","Order_Form_ID":"14b65b8579c7cecf6102ac8d7bc8eba9"},{"Customer_Name":"E","Calendar_week":23,"Amount":1.0,"PickAndPay":0,"Revenue":21215.46,"Invoice_Date":"2016-06-10","Article_Number":"115175405","Article_Name":"CARDAN SHAFT S=730 X=200","Order_Form_ID":"14b65b8579c7cecf6102ac8d7bc8eba9"},{"Customer_Name":"E","Calendar_week":23,"Amount":1.0,"PickAndPay":0,"Revenue":939.02,"Invoice_Date":"2016-06-10","Article_Number":"115206101","Article_Name":"DISK RD45X12LG","Order_Form_ID":"14b65b8579c7cecf6102ac8d7bc8eba9"},{"Customer_Name":"E","Calendar_week":23,"Amount":1.0,"PickAndPay":0,"Revenue":40.67,"Invoice_Date":"2016-06-10","Article_Number":"126079","Article_Name":"KEY A 14X 9X 80","Order_Form_ID":"14b65b8579c7cecf6102ac8d7bc8eba9"},{"Customer_Name":"E","Calendar_week":23,"Amount":1.0,"PickAndPay":0,"Revenue":192.37,"Invoice_Date":"2016-06-10","Article_Number":"110991007","Article_Name":"PACKING CHARGES (CARTON) 1100X200X200","Order_Form_ID":"14b65b8579c7cecf6102ac8d7bc8eba9"},{"Customer_Name":"E","Calendar_week":25,"Amount":6.0,"PickAndPay":0,"Revenue":4958.09,"Invoice_Date":"2016-06-20","Article_Number":"553374","Article_Name":"SEALING ELEMENT RAD.288.5X260","Order_Form_ID":"814dcde8149bcd523b2a67ca6ceb89c8"},{"Customer_Name":"E","Calendar_week":25,"Amount":1.0,"PickAndPay":0,"Revenue":192.37,"Invoice_Date":"2016-06-20","Article_Number":"118308700","Article_Name":"PACKING CHARGES (CARTON) 330X163X172 MM","Order_Form_ID":"814dcde8149bcd523b2a67ca6ceb89c8"},{"Customer_Name":"E","Calendar_week":25,"Amount":1.0,"PickAndPay":0,"Revenue":15653.34,"Invoice_Date":"2016-06-22","Article_Number":"170431760","Article_Name":"MAIN SWITCH 630 A","Order_Form_ID":"f2b4871f95d627885587919210d9d777"},{"Customer_Name":"E","Calendar_week":25,"Amount":2.0,"PickAndPay":0,"Revenue":1076.15,"Invoice_Date":"2016-06-22","Article_Number":"170431721","Article_Name":"TERMINAL COVER","Order_Form_ID":"f2b4871f95d627885587919210d9d777"},{"Customer_Name":"E","Calendar_week":25,"Amount":1.0,"PickAndPay":0,"Revenue":192.37,"Invoice_Date":"2016-06-22","Article_Number":"110991003","Article_Name":"PACKING CHARGES (CARTON) 360X360X250","Order_Form_ID":"f2b4871f95d627885587919210d9d777"},{"Customer_Name":"E","Calendar_week":25,"Amount":10.0,"PickAndPay":0,"Revenue":8134.32,"Invoice_Date":"2016-06-24","Article_Number":"104581529","Article_Name":"SEALING RING 60X  50X  7","Order_Form_ID":"d9ac1ece61c888046e8d405c0cbeb4bf"},{"Customer_Name":"E","Calendar_week":25,"Amount":10.0,"PickAndPay":0,"Revenue":5662.97,"Invoice_Date":"2016-06-24","Article_Number":"104581519","Article_Name":"STOP RING","Order_Form_ID":"d9ac1ece61c888046e8d405c0cbeb4bf"},{"Customer_Name":"E","Calendar_week":25,"Amount":1.0,"PickAndPay":0,"Revenue":192.37,"Invoice_Date":"2016-06-24","Article_Number":"110991000","Article_Name":"PACKING CHARGES (CARTON) 200X200X80","Order_Form_ID":"d9ac1ece61c888046e8d405c0cbeb4bf"},{"Customer_Name":"E","Calendar_week":26,"Amount":4.0,"PickAndPay":0,"Revenue":5733.87,"Invoice_Date":"2016-06-27","Article_Number":"155448002","Article_Name":"BHS-ACTIVE DECALCER 2,5L","Order_Form_ID":"48c40e0cc7ead1bef41038a20f792105"},{"Customer_Name":"E","Calendar_week":26,"Amount":1.0,"PickAndPay":0,"Revenue":192.37,"Invoice_Date":"2016-06-27","Article_Number":"110991002","Article_Name":"PACKING CHARGES (CARTON) 300X300X200","Order_Form_ID":"48c40e0cc7ead1bef41038a20f792105"},{"Customer_Name":"E","Calendar_week":26,"Amount":4.0,"PickAndPay":0,"Revenue":19107.13,"Invoice_Date":"2016-06-29","Article_Number":"198301900","Article_Name":"SPHERICAL PLAIN BEARING 80X120X55","Order_Form_ID":"9683dc0c9fb9c83f1710bf0e358b2a45"},{"Customer_Name":"E","Calendar_week":26,"Amount":1.0,"PickAndPay":0,"Revenue":192.37,"Invoice_Date":"2016-06-29","Article_Number":"110991001","Article_Name":"PACKING CHARGES (CARTON) 200X200X150","Order_Form_ID":"9683dc0c9fb9c83f1710bf0e358b2a45"},{"Customer_Name":"E","Calendar_week":27,"Amount":32.0,"PickAndPay":1,"Revenue":17017.49,"Invoice_Date":"2016-07-06","Article_Number":"104581510","Article_Name":"BRAKE LINING","Order_Form_ID":"d54cf834f3775245a032674d0ee6c81f"},{"Customer_Name":"E","Calendar_week":27,"Amount":10.0,"PickAndPay":1,"Revenue":13061.63,"Invoice_Date":"2016-07-06","Article_Number":"105406991","Article_Name":"GRINDING WHEEL 50X11X19MM","Order_Form_ID":"d54cf834f3775245a032674d0ee6c81f"},{"Customer_Name":"E","Calendar_week":27,"Amount":200.0,"PickAndPay":1,"Revenue":3731.89,"Invoice_Date":"2016-07-06","Article_Number":"107254210","Article_Name":"FELT 46X35X10MM","Order_Form_ID":"d54cf834f3775245a032674d0ee6c81f"},{"Customer_Name":"E","Calendar_week":27,"Amount":8.0,"PickAndPay":1,"Revenue":42436.96,"Invoice_Date":"2016-07-06","Article_Number":"105303998","Article_Name":"DISC CUT KNIFE 240X1,2MM,28°","Order_Form_ID":"d54cf834f3775245a032674d0ee6c81f"},{"Customer_Name":"E","Calendar_week":27,"Amount":38.0,"PickAndPay":1,"Revenue":20157.45,"Invoice_Date":"2016-07-06","Article_Number":"136481820","Article_Name":"NO-CRUSH-ROLLER 180X65X50","Order_Form_ID":"d54cf834f3775245a032674d0ee6c81f"},{"Customer_Name":"E","Calendar_week":27,"Amount":1.0,"PickAndPay":1,"Revenue":3545.3,"Invoice_Date":"2016-07-06","Article_Number":"199825800","Article_Name":"PERFLU V250 HIGH TEMP 800G 400ML","Order_Form_ID":"d54cf834f3775245a032674d0ee6c81f"},{"Customer_Name":"E","Calendar_week":27,"Amount":1.0,"PickAndPay":1,"Revenue":1386.13,"Invoice_Date":"2016-07-06","Article_Number":"109612522","Article_Name":"SEALING LEDGE 5,5X65X2965","Order_Form_ID":"d54cf834f3775245a032674d0ee6c81f"},{"Customer_Name":"E","Calendar_week":27,"Amount":1.0,"PickAndPay":1,"Revenue":4744.84,"Invoice_Date":"2016-07-06","Article_Number":"150697601","Article_Name":"PNEUMATIC CYLINDER 25X 40","Order_Form_ID":"d54cf834f3775245a032674d0ee6c81f"},{"Customer_Name":"E","Calendar_week":27,"Amount":1.0,"PickAndPay":1,"Revenue":192.37,"Invoice_Date":"2016-07-06","Article_Number":"P030PA001","Article_Name":"PACKING","Order_Form_ID":"ce4d6d8a9a48ed3691eaf9495c583b50"},{"Customer_Name":"E","Calendar_week":27,"Amount":1.0,"PickAndPay":1,"Revenue":839.81,"Invoice_Date":"2016-07-06","Article_Number":"P030FR001","Article_Name":"FREIGHT CHARGES","Order_Form_ID":"ce4d6d8a9a48ed3691eaf9495c583b50"},{"Customer_Name":"E","Calendar_week":28,"Amount":200.0,"PickAndPay":0,"Revenue":86135.01,"Invoice_Date":"2016-07-15","Article_Number":"107833921","Article_Name":"HYSYN V32 FOOD H1 200L","Order_Form_ID":"d339e2aa59a7929a4b9a3eda66f1a826"},{"Customer_Name":"E","Calendar_week":28,"Amount":1.0,"PickAndPay":0,"Revenue":412.21,"Invoice_Date":"2016-07-15","Article_Number":"V00000019","Article_Name":"PACKING CHARGES (EUR-PALLET) 1200X800X14","Order_Form_ID":"d339e2aa59a7929a4b9a3eda66f1a826"},{"Customer_Name":"E","Calendar_week":28,"Amount":50.0,"PickAndPay":0,"Revenue":38727.33,"Invoice_Date":"2016-07-15","Article_Number":"116904600","Article_Name":"COLOUR FOR BOARD MARKING QUAL.NR.7100-93","Order_Form_ID":"1b929b17015e8b455bf664a29756237b"},{"Customer_Name":"E","Calendar_week":29,"Amount":1.0,"PickAndPay":1,"Revenue":31072.27,"Invoice_Date":"2016-07-19","Article_Number":"160607000","Article_Name":"DRIVE ROLLER AB 1500","Order_Form_ID":"50d7a3bcd05d9b1403ea79cb899f44a3"},{"Customer_Name":"E","Calendar_week":29,"Amount":2.0,"PickAndPay":1,"Revenue":7978.78,"Invoice_Date":"2016-07-19","Article_Number":"127685700","Article_Name":"SELF-ALIGNING ROLLER BEARING 50X100X31","Order_Form_ID":"50d7a3bcd05d9b1403ea79cb899f44a3"},{"Customer_Name":"E","Calendar_week":29,"Amount":1.0,"PickAndPay":1,"Revenue":19.79,"Invoice_Date":"2016-07-19","Article_Number":"126024","Article_Name":"KEY A  8X 7X 50","Order_Form_ID":"50d7a3bcd05d9b1403ea79cb899f44a3"},{"Customer_Name":"E","Calendar_week":29,"Amount":1.0,"PickAndPay":1,"Revenue":18.96,"Invoice_Date":"2016-07-19","Article_Number":"138856","Article_Name":"CONICAL GREASE NIPPLE M10X1","Order_Form_ID":"50d7a3bcd05d9b1403ea79cb899f44a3"},{"Customer_Name":"E","Calendar_week":29,"Amount":1.0,"PickAndPay":1,"Revenue":1374.04,"Invoice_Date":"2016-07-19","Article_Number":"V00000024","Article_Name":"PACKING CHARGES (BOX)","Order_Form_ID":"50d7a3bcd05d9b1403ea79cb899f44a3"},{"Customer_Name":"E","Calendar_week":29,"Amount":2.0,"PickAndPay":0,"Revenue":43.69,"Invoice_Date":"2016-07-19","Article_Number":"122350","Article_Name":"HEXAGONAL NUT M24","Order_Form_ID":"308a88ad8f3f4e2322f85da12ec05ebd"},{"Customer_Name":"E","Calendar_week":29,"Amount":2.0,"PickAndPay":0,"Revenue":159.39,"Invoice_Date":"2016-07-19","Article_Number":"122348","Article_Name":"HEXAGONAL NUT M24","Order_Form_ID":"308a88ad8f3f4e2322f85da12ec05ebd"},{"Customer_Name":"E","Calendar_week":29,"Amount":12.0,"PickAndPay":0,"Revenue":1653.79,"Invoice_Date":"2016-07-19","Article_Number":"600955","Article_Name":"CONNECTING LINK S-20 B-1","Order_Form_ID":"308a88ad8f3f4e2322f85da12ec05ebd"},{"Customer_Name":"E","Calendar_week":29,"Amount":50.0,"PickAndPay":0,"Revenue":138565.37,"Invoice_Date":"2016-07-19","Article_Number":"185651.20","Article_Name":"ROLLER CHAIN 20 B-1","Order_Form_ID":"308a88ad8f3f4e2322f85da12ec05ebd"},{"Customer_Name":"E","Calendar_week":29,"Amount":2.0,"PickAndPay":0,"Revenue":1125.89,"Invoice_Date":"2016-07-19","Article_Number":"122557","Article_Name":"TENSION JACK NUT M 24","Order_Form_ID":"308a88ad8f3f4e2322f85da12ec05ebd"},{"Customer_Name":"E","Calendar_week":29,"Amount":2.0,"PickAndPay":0,"Revenue":3812.14,"Invoice_Date":"2016-07-19","Article_Number":"100614002","Article_Name":"CHAIN TENSIONER 4KT 30X30X128","Order_Form_ID":"308a88ad8f3f4e2322f85da12ec05ebd"},{"Customer_Name":"E","Calendar_week":29,"Amount":2.0,"PickAndPay":0,"Revenue":3812.14,"Invoice_Date":"2016-07-19","Article_Number":"100614003","Article_Name":"CHAIN TENSIONER 4KT 30X30X128","Order_Form_ID":"308a88ad8f3f4e2322f85da12ec05ebd"},{"Customer_Name":"E","Calendar_week":29,"Amount":1.0,"PickAndPay":0,"Revenue":1099.23,"Invoice_Date":"2016-07-19","Article_Number":"110680400","Article_Name":"PACKING CHARGES (PAL-BOX I) 830X580X680","Order_Form_ID":"308a88ad8f3f4e2322f85da12ec05ebd"},{"Customer_Name":"E","Calendar_week":30,"Amount":1.0,"PickAndPay":0,"Revenue":4321.91,"Invoice_Date":"2016-07-27","Article_Number":"127685700","Article_Name":"SELF-ALIGNING ROLLER BEARING 50X100X31","Order_Form_ID":"c8316364442d2f6ad765fa0639810216"},{"Customer_Name":"E","Calendar_week":30,"Amount":4.0,"PickAndPay":0,"Revenue":5202.12,"Invoice_Date":"2016-07-27","Article_Number":"127730700","Article_Name":"ADAPTER SLEEVE","Order_Form_ID":"c8316364442d2f6ad765fa0639810216"},{"Customer_Name":"E","Calendar_week":30,"Amount":1.0,"PickAndPay":0,"Revenue":787.05,"Invoice_Date":"2016-07-27","Article_Number":"147331701","Article_Name":"SPACER RING RD50X16","Order_Form_ID":"c8316364442d2f6ad765fa0639810216"},{"Customer_Name":"E","Calendar_week":30,"Amount":1.0,"PickAndPay":0,"Revenue":192.37,"Invoice_Date":"2016-07-27","Article_Number":"118308700","Article_Name":"PACKING CHARGES (CARTON) 330X163X172 MM","Order_Form_ID":"c8316364442d2f6ad765fa0639810216"},{"Customer_Name":"E","Calendar_week":31,"Amount":1.0,"PickAndPay":0,"Revenue":102898.58,"Invoice_Date":"2016-08-01","Article_Number":"171952300","Article_Name":"DRIVE ROLLER AB 2800","Order_Form_ID":"6d5231451cf71f4cdd7707bdf034ce9b"},{"Customer_Name":"E","Calendar_week":31,"Amount":1.0,"PickAndPay":0,"Revenue":4122.12,"Invoice_Date":"2016-08-01","Article_Number":"V00000024","Article_Name":"PACKING CHARGES (BOX)","Order_Form_ID":"6d5231451cf71f4cdd7707bdf034ce9b"},{"Customer_Name":"E","Calendar_week":31,"Amount":1.0,"PickAndPay":1,"Revenue":2500.75,"Invoice_Date":"2016-08-02","Article_Number":"100335702","Article_Name":"BACOMIN V42-50 UNIVERSAL 400ML","Order_Form_ID":"860440aecbbcaebde15edcf2e104fc75"},{"Customer_Name":"E","Calendar_week":31,"Amount":150.0,"PickAndPay":1,"Revenue":2885.48,"Invoice_Date":"2016-08-02","Article_Number":"107254210","Article_Name":"FELT 46X35X10MM","Order_Form_ID":"860440aecbbcaebde15edcf2e104fc75"},{"Customer_Name":"E","Calendar_week":31,"Amount":3.0,"PickAndPay":1,"Revenue":16406.04,"Invoice_Date":"2016-08-02","Article_Number":"105303998","Article_Name":"DISC CUT KNIFE 240X1,2MM,28°","Order_Form_ID":"860440aecbbcaebde15edcf2e104fc75"},{"Customer_Name":"E","Calendar_week":31,"Amount":12.0,"PickAndPay":1,"Revenue":6562.42,"Invoice_Date":"2016-08-02","Article_Number":"136481820","Article_Name":"NO-CRUSH-ROLLER 180X65X50","Order_Form_ID":"860440aecbbcaebde15edcf2e104fc75"},{"Customer_Name":"E","Calendar_week":31,"Amount":-1.0,"PickAndPay":1,"Revenue":-2500.75,"Invoice_Date":"2016-08-02","Article_Number":"100335702","Article_Name":"BACOMIN V42-50 UNIVERSAL 400ML","Order_Form_ID":"eac4721280006ce6a5fac0e1c26d9d25"},{"Customer_Name":"E","Calendar_week":31,"Amount":-150.0,"PickAndPay":1,"Revenue":-2885.48,"Invoice_Date":"2016-08-02","Article_Number":"107254210","Article_Name":"FELT 46X35X10MM","Order_Form_ID":"eac4721280006ce6a5fac0e1c26d9d25"},{"Customer_Name":"E","Calendar_week":31,"Amount":-3.0,"PickAndPay":1,"Revenue":-16406.04,"Invoice_Date":"2016-08-02","Article_Number":"105303998","Article_Name":"DISC CUT KNIFE 240X1,2MM,28°","Order_Form_ID":"eac4721280006ce6a5fac0e1c26d9d25"},{"Customer_Name":"E","Calendar_week":31,"Amount":-12.0,"PickAndPay":1,"Revenue":-6562.42,"Invoice_Date":"2016-08-02","Article_Number":"136481820","Article_Name":"NO-CRUSH-ROLLER 180X65X50","Order_Form_ID":"eac4721280006ce6a5fac0e1c26d9d25"},{"Customer_Name":"E","Calendar_week":31,"Amount":1.0,"PickAndPay":1,"Revenue":2425.73,"Invoice_Date":"2016-08-02","Article_Number":"100335702","Article_Name":"BACOMIN V42-50 UNIVERSAL 400ML","Order_Form_ID":"8dc95c4ab2d95dde6d297b21fe9a69f8"},{"Customer_Name":"E","Calendar_week":31,"Amount":150.0,"PickAndPay":1,"Revenue":2798.92,"Invoice_Date":"2016-08-02","Article_Number":"107254210","Article_Name":"FELT 46X35X10MM","Order_Form_ID":"8dc95c4ab2d95dde6d297b21fe9a69f8"},{"Customer_Name":"E","Calendar_week":31,"Amount":3.0,"PickAndPay":1,"Revenue":15913.86,"Invoice_Date":"2016-08-02","Article_Number":"105303998","Article_Name":"DISC CUT KNIFE 240X1,2MM,28°","Order_Form_ID":"8dc95c4ab2d95dde6d297b21fe9a69f8"},{"Customer_Name":"E","Calendar_week":31,"Amount":12.0,"PickAndPay":1,"Revenue":6365.65,"Invoice_Date":"2016-08-02","Article_Number":"136481820","Article_Name":"NO-CRUSH-ROLLER 180X65X50","Order_Form_ID":"8dc95c4ab2d95dde6d297b21fe9a69f8"},{"Customer_Name":"E","Calendar_week":31,"Amount":1.0,"PickAndPay":1,"Revenue":384.73,"Invoice_Date":"2016-08-02","Article_Number":"P030PA001","Article_Name":"PACKING","Order_Form_ID":"1d185906015427af3864c350de7278f1"},{"Customer_Name":"E","Calendar_week":31,"Amount":1.0,"PickAndPay":1,"Revenue":1197.61,"Invoice_Date":"2016-08-02","Article_Number":"P030FR001","Article_Name":"FREIGHT CHARGES","Order_Form_ID":"1d185906015427af3864c350de7278f1"},{"Customer_Name":"E","Calendar_week":31,"Amount":1.0,"PickAndPay":0,"Revenue":17532.48,"Invoice_Date":"2016-08-04","Article_Number":"120436300","Article_Name":"ASSEMBLY DEVICE","Order_Form_ID":"df85250c745dff99e2c8c13e214e925f"},{"Customer_Name":"E","Calendar_week":31,"Amount":1.0,"PickAndPay":0,"Revenue":16885.58,"Invoice_Date":"2016-08-04","Article_Number":"120436301","Article_Name":"ASSEMBLY DEVICE","Order_Form_ID":"df85250c745dff99e2c8c13e214e925f"},{"Customer_Name":"E","Calendar_week":31,"Amount":1.0,"PickAndPay":0,"Revenue":15449.16,"Invoice_Date":"2016-08-04","Article_Number":"120436302","Article_Name":"ASSEMBLY DEVICE","Order_Form_ID":"df85250c745dff99e2c8c13e214e925f"},{"Customer_Name":"E","Calendar_week":31,"Amount":1.0,"PickAndPay":0,"Revenue":412.21,"Invoice_Date":"2016-08-04","Article_Number":"V00000019","Article_Name":"PACKING CHARGES (EUR-PALLET) 1200X800X14","Order_Form_ID":"df85250c745dff99e2c8c13e214e925f"},{"Customer_Name":"E","Calendar_week":31,"Amount":2.0,"PickAndPay":0,"Revenue":11274.28,"Invoice_Date":"2016-08-04","Article_Number":"118556200","Article_Name":"CASE 136X101X66,5","Order_Form_ID":"2336f7206b6490bce2b4f33151fef462"},{"Customer_Name":"E","Calendar_week":31,"Amount":2.0,"PickAndPay":0,"Revenue":5573.93,"Invoice_Date":"2016-08-04","Article_Number":"118556500","Article_Name":"RING 120X96X12","Order_Form_ID":"2336f7206b6490bce2b4f33151fef462"},{"Customer_Name":"E","Calendar_week":31,"Amount":2.0,"PickAndPay":0,"Revenue":163.79,"Invoice_Date":"2016-08-04","Article_Number":"138240","Article_Name":"SEEGER CIRCLIP RING 120X4,0","Order_Form_ID":"2336f7206b6490bce2b4f33151fef462"},{"Customer_Name":"E","Calendar_week":31,"Amount":4.0,"PickAndPay":0,"Revenue":4767.37,"Invoice_Date":"2016-08-04","Article_Number":"118550400","Article_Name":"RADIAL BALL BEARING 95X120X13","Order_Form_ID":"2336f7206b6490bce2b4f33151fef462"},{"Customer_Name":"E","Calendar_week":31,"Amount":4.0,"PickAndPay":0,"Revenue":308.33,"Invoice_Date":"2016-08-04","Article_Number":"118550500","Article_Name":"O-RING 90,00X2,00","Order_Form_ID":"2336f7206b6490bce2b4f33151fef462"},{"Customer_Name":"E","Calendar_week":31,"Amount":2.0,"PickAndPay":0,"Revenue":194.84,"Invoice_Date":"2016-08-04","Article_Number":"138043","Article_Name":"SEEGER CIRCLIP RING 95X3,0","Order_Form_ID":"2336f7206b6490bce2b4f33151fef462"},{"Customer_Name":"E","Calendar_week":31,"Amount":1.0,"PickAndPay":0,"Revenue":192.37,"Invoice_Date":"2016-08-04","Article_Number":"118308700","Article_Name":"PACKING CHARGES (CARTON) 330X163X172 MM","Order_Form_ID":"2336f7206b6490bce2b4f33151fef462"},{"Customer_Name":"E","Calendar_week":31,"Amount":1.0,"PickAndPay":0,"Revenue":1567.78,"Invoice_Date":"2016-08-05","Article_Number":"147331701","Article_Name":"SPACER RING RD50X16","Order_Form_ID":"948e1ba5f83e128a50c9d3281cdbe5fd"},{"Customer_Name":"E","Calendar_week":31,"Amount":1.0,"PickAndPay":0,"Revenue":192.37,"Invoice_Date":"2016-08-05","Article_Number":"110991000","Article_Name":"PACKING CHARGES (CARTON) 200X200X80","Order_Form_ID":"948e1ba5f83e128a50c9d3281cdbe5fd"},{"Customer_Name":"E","Calendar_week":32,"Amount":1.0,"PickAndPay":0,"Revenue":4766.55,"Invoice_Date":"2016-08-10","Article_Number":"127685700","Article_Name":"SELF-ALIGNING ROLLER BEARING 50X100X31","Order_Form_ID":"258040bd3e8eb3fdc7a9ccbff5f96a4a"},{"Customer_Name":"E","Calendar_week":32,"Amount":1.0,"PickAndPay":0,"Revenue":192.37,"Invoice_Date":"2016-08-10","Article_Number":"110991000","Article_Name":"PACKING CHARGES (CARTON) 200X200X80","Order_Form_ID":"258040bd3e8eb3fdc7a9ccbff5f96a4a"},{"Customer_Name":"E","Calendar_week":32,"Amount":2.0,"PickAndPay":0,"Revenue":2512.02,"Invoice_Date":"2016-08-11","Article_Number":"117215000","Article_Name":"TENSIONING ELEMENT 24X36","Order_Form_ID":"6771e59ecbae2ae45e727e75e2ee923e"},{"Customer_Name":"E","Calendar_week":32,"Amount":2.0,"PickAndPay":0,"Revenue":976.67,"Invoice_Date":"2016-08-11","Article_Number":"117209200","Article_Name":"TOOTHED DISK 8X22X36H8X38","Order_Form_ID":"6771e59ecbae2ae45e727e75e2ee923e"},{"Customer_Name":"E","Calendar_week":32,"Amount":2.0,"PickAndPay":0,"Revenue":9488.3,"Invoice_Date":"2016-08-11","Article_Number":"105450100","Article_Name":"TENSION PULLEY 60X  60X  70","Order_Form_ID":"6771e59ecbae2ae45e727e75e2ee923e"},{"Customer_Name":"E","Calendar_week":32,"Amount":2.0,"PickAndPay":0,"Revenue":2085.24,"Invoice_Date":"2016-08-11","Article_Number":"105450501","Article_Name":"TOOTHED BELT GT 30X 8X1440","Order_Form_ID":"6771e59ecbae2ae45e727e75e2ee923e"},{"Customer_Name":"E","Calendar_week":32,"Amount":2.0,"PickAndPay":0,"Revenue":435.85,"Invoice_Date":"2016-08-11","Article_Number":"117204400","Article_Name":"DISTANCE WASHER 31\/24X21","Order_Form_ID":"6771e59ecbae2ae45e727e75e2ee923e"},{"Customer_Name":"E","Calendar_week":32,"Amount":1.0,"PickAndPay":0,"Revenue":192.37,"Invoice_Date":"2016-08-11","Article_Number":"118308700","Article_Name":"PACKING CHARGES (CARTON) 330X163X172 MM","Order_Form_ID":"6771e59ecbae2ae45e727e75e2ee923e"},{"Customer_Name":"E","Calendar_week":32,"Amount":8.0,"PickAndPay":0,"Revenue":11321.82,"Invoice_Date":"2016-08-11","Article_Number":"155448002","Article_Name":"BHS-ACTIVE DECALCER 2,5L","Order_Form_ID":"002a86b94cf33798d132932319cefbbd"},{"Customer_Name":"E","Calendar_week":32,"Amount":2.0,"PickAndPay":0,"Revenue":384.73,"Invoice_Date":"2016-08-11","Article_Number":"110991002","Article_Name":"PACKING CHARGES (CARTON) 300X300X200","Order_Form_ID":"002a86b94cf33798d132932319cefbbd"},{"Customer_Name":"E","Calendar_week":35,"Amount":1.0,"PickAndPay":1,"Revenue":1337.22,"Invoice_Date":"2016-08-29","Article_Number":"BSP3000090","Article_Name":"NICE PARTS Contract","Order_Form_ID":"e9f7ef472f827a8d48da70782ee01fd3"},{"Customer_Name":"E","Calendar_week":35,"Amount":-1.0,"PickAndPay":1,"Revenue":-1337.22,"Invoice_Date":"2016-08-29","Article_Number":"BSP3000090","Article_Name":"NICE PARTS Contract","Order_Form_ID":"515ee7e15aea8a9ffaf57d724de0288a"},{"Customer_Name":"E","Calendar_week":35,"Amount":1.0,"PickAndPay":1,"Revenue":1337.22,"Invoice_Date":"2016-08-29","Article_Number":"BSP3000090","Article_Name":"NICE PARTS Contract","Order_Form_ID":"47eece7b3731aa43257cf9010c5d8682"},{"Customer_Name":"E","Calendar_week":35,"Amount":1.0,"PickAndPay":0,"Revenue":16628.64,"Invoice_Date":"2016-09-01","Article_Number":"194858407","Article_Name":"FREQUENCY CONTROLLER 2.4A\/320-550V\/0.75K","Order_Form_ID":"60936e5897336441b500fe8610e10655"},{"Customer_Name":"E","Calendar_week":35,"Amount":1.0,"PickAndPay":0,"Revenue":192.37,"Invoice_Date":"2016-09-01","Article_Number":"110991002","Article_Name":"PACKING CHARGES (CARTON) 300X300X200","Order_Form_ID":"60936e5897336441b500fe8610e10655"},{"Customer_Name":"E","Calendar_week":36,"Amount":1.0,"PickAndPay":0,"Revenue":6125.47,"Invoice_Date":"2016-09-07","Article_Number":"102323502","Article_Name":"FLEXIBLE HOSE D-203X 3000LG","Order_Form_ID":"52c1faf270550e2057f49353df2c7122"},{"Customer_Name":"E","Calendar_week":36,"Amount":1.0,"PickAndPay":0,"Revenue":192.37,"Invoice_Date":"2016-09-07","Article_Number":"110991006","Article_Name":"PACKING CHARGES (CARTON) 700X200X200","Order_Form_ID":"52c1faf270550e2057f49353df2c7122"},{"Customer_Name":"E","Calendar_week":36,"Amount":1.0,"PickAndPay":1,"Revenue":325820.95,"Invoice_Date":"2016-09-09","Article_Number":"150337628","Article_Name":"PRESSURE BELT II-QUALITY 2860X 2930","Order_Form_ID":"f4e3894f0fc0762e95b33b61708c087c"},{"Customer_Name":"E","Calendar_week":37,"Amount":8.0,"PickAndPay":1,"Revenue":4506.85,"Invoice_Date":"2016-09-13","Article_Number":"123052320","Article_Name":"NO-CRUSH-ROLLER 165X65X50","Order_Form_ID":"1c08034bdc7569536a92727870008245"},{"Customer_Name":"E","Calendar_week":37,"Amount":4.0,"PickAndPay":1,"Revenue":5386.24,"Invoice_Date":"2016-09-13","Article_Number":"105406991","Article_Name":"GRINDING WHEEL 50X11X19MM","Order_Form_ID":"1c08034bdc7569536a92727870008245"},{"Customer_Name":"E","Calendar_week":37,"Amount":100.0,"PickAndPay":1,"Revenue":1923.66,"Invoice_Date":"2016-09-13","Article_Number":"107254210","Article_Name":"FELT 46X35X10MM","Order_Form_ID":"1c08034bdc7569536a92727870008245"},{"Customer_Name":"E","Calendar_week":37,"Amount":11.0,"PickAndPay":1,"Revenue":60155.48,"Invoice_Date":"2016-09-13","Article_Number":"105303998","Article_Name":"DISC CUT KNIFE 240X1,2MM,28°","Order_Form_ID":"1c08034bdc7569536a92727870008245"},{"Customer_Name":"E","Calendar_week":37,"Amount":40.0,"PickAndPay":1,"Revenue":21874.72,"Invoice_Date":"2016-09-13","Article_Number":"136481820","Article_Name":"NO-CRUSH-ROLLER 180X65X50","Order_Form_ID":"1c08034bdc7569536a92727870008245"},{"Customer_Name":"E","Calendar_week":37,"Amount":2.0,"PickAndPay":1,"Revenue":7309.89,"Invoice_Date":"2016-09-13","Article_Number":"199825800","Article_Name":"PERFLU V250 HIGH TEMP 800G 400ML","Order_Form_ID":"1c08034bdc7569536a92727870008245"},{"Customer_Name":"E","Calendar_week":37,"Amount":1.0,"PickAndPay":1,"Revenue":4204.56,"Invoice_Date":"2016-09-13","Article_Number":"119957860","Article_Name":"STEAM HOSE 1\"X875MM -5\/+10","Order_Form_ID":"1c08034bdc7569536a92727870008245"},{"Customer_Name":"E","Calendar_week":37,"Amount":2.0,"PickAndPay":1,"Revenue":9783.17,"Invoice_Date":"2016-09-13","Article_Number":"150697601","Article_Name":"PNEUMATIC CYLINDER 25X 40","Order_Form_ID":"1c08034bdc7569536a92727870008245"},{"Customer_Name":"E","Calendar_week":37,"Amount":2.0,"PickAndPay":1,"Revenue":5606.08,"Invoice_Date":"2016-09-13","Article_Number":"111125303","Article_Name":"GLUE DAM JOINT 3X260X220","Order_Form_ID":"1c08034bdc7569536a92727870008245"},{"Customer_Name":"E","Calendar_week":37,"Amount":1.0,"PickAndPay":1,"Revenue":1621.37,"Invoice_Date":"2016-09-13","Article_Number":"111125199","Article_Name":"GLUE DAM JOINT 3X128X197","Order_Form_ID":"1c08034bdc7569536a92727870008245"},{"Customer_Name":"E","Calendar_week":37,"Amount":1.0,"PickAndPay":1,"Revenue":1621.37,"Invoice_Date":"2016-09-13","Article_Number":"111125198","Article_Name":"GLUE DAM JOINT 3X128X197","Order_Form_ID":"1c08034bdc7569536a92727870008245"},{"Customer_Name":"E","Calendar_week":37,"Amount":1.0,"PickAndPay":1,"Revenue":2116.02,"Invoice_Date":"2016-09-13","Article_Number":"119826410","Article_Name":"STEAM HOSE 1\"X350MM","Order_Form_ID":"1c08034bdc7569536a92727870008245"},{"Customer_Name":"E","Calendar_week":38,"Amount":1.0,"PickAndPay":0,"Revenue":18906.79,"Invoice_Date":"2016-09-21","Article_Number":"184697005","Article_Name":"CONTROL BLOCK","Order_Form_ID":"7c07a632f30685e3af977c9bfba404c3"},{"Customer_Name":"E","Calendar_week":38,"Amount":1.0,"PickAndPay":0,"Revenue":10387.74,"Invoice_Date":"2016-09-21","Article_Number":"P030FR001","Article_Name":"FREIGHT CHARGES","Order_Form_ID":"7c07a632f30685e3af977c9bfba404c3"},{"Customer_Name":"E","Calendar_week":38,"Amount":4.0,"PickAndPay":0,"Revenue":8977.7,"Invoice_Date":"2016-09-22","Article_Number":"123453600","Article_Name":"TWO-HOLE FLANGE HOUSING 50X190X60,7","Order_Form_ID":"377c1208007a8577de2b6f1e6ed51550"},{"Customer_Name":"E","Calendar_week":38,"Amount":1.0,"PickAndPay":0,"Revenue":192.37,"Invoice_Date":"2016-09-22","Article_Number":"110991002","Article_Name":"PACKING CHARGES (CARTON) 300X300X200","Order_Form_ID":"377c1208007a8577de2b6f1e6ed51550"},{"Customer_Name":"E","Calendar_week":37,"Amount":-8.0,"PickAndPay":1,"Revenue":-4506.85,"Invoice_Date":"2016-09-13","Article_Number":"123052320","Article_Name":"NO-CRUSH-ROLLER 165X65X50","Order_Form_ID":"faaf0a935dc18e338fb6806ea42a8bd9"},{"Customer_Name":"E","Calendar_week":37,"Amount":-4.0,"PickAndPay":1,"Revenue":-5386.24,"Invoice_Date":"2016-09-13","Article_Number":"105406991","Article_Name":"GRINDING WHEEL 50X11X19MM","Order_Form_ID":"faaf0a935dc18e338fb6806ea42a8bd9"},{"Customer_Name":"E","Calendar_week":37,"Amount":-100.0,"PickAndPay":1,"Revenue":-1923.66,"Invoice_Date":"2016-09-13","Article_Number":"107254210","Article_Name":"FELT 46X35X10MM","Order_Form_ID":"faaf0a935dc18e338fb6806ea42a8bd9"},{"Customer_Name":"E","Calendar_week":37,"Amount":-11.0,"PickAndPay":1,"Revenue":-60155.48,"Invoice_Date":"2016-09-13","Article_Number":"105303998","Article_Name":"DISC CUT KNIFE 240X1,2MM,28°","Order_Form_ID":"faaf0a935dc18e338fb6806ea42a8bd9"},{"Customer_Name":"E","Calendar_week":37,"Amount":-40.0,"PickAndPay":1,"Revenue":-21874.72,"Invoice_Date":"2016-09-13","Article_Number":"136481820","Article_Name":"NO-CRUSH-ROLLER 180X65X50","Order_Form_ID":"faaf0a935dc18e338fb6806ea42a8bd9"},{"Customer_Name":"E","Calendar_week":37,"Amount":-2.0,"PickAndPay":1,"Revenue":-7309.89,"Invoice_Date":"2016-09-13","Article_Number":"199825800","Article_Name":"PERFLU V250 HIGH TEMP 800G 400ML","Order_Form_ID":"faaf0a935dc18e338fb6806ea42a8bd9"},{"Customer_Name":"E","Calendar_week":37,"Amount":-1.0,"PickAndPay":1,"Revenue":-4204.56,"Invoice_Date":"2016-09-13","Article_Number":"119957860","Article_Name":"STEAM HOSE 1\"X875MM -5\/+10","Order_Form_ID":"faaf0a935dc18e338fb6806ea42a8bd9"},{"Customer_Name":"E","Calendar_week":37,"Amount":-2.0,"PickAndPay":1,"Revenue":-9783.17,"Invoice_Date":"2016-09-13","Article_Number":"150697601","Article_Name":"PNEUMATIC CYLINDER 25X 40","Order_Form_ID":"faaf0a935dc18e338fb6806ea42a8bd9"},{"Customer_Name":"E","Calendar_week":37,"Amount":-2.0,"PickAndPay":1,"Revenue":-5606.08,"Invoice_Date":"2016-09-13","Article_Number":"111125303","Article_Name":"GLUE DAM JOINT 3X260X220","Order_Form_ID":"faaf0a935dc18e338fb6806ea42a8bd9"},{"Customer_Name":"E","Calendar_week":37,"Amount":-1.0,"PickAndPay":1,"Revenue":-1621.37,"Invoice_Date":"2016-09-13","Article_Number":"111125199","Article_Name":"GLUE DAM JOINT 3X128X197","Order_Form_ID":"faaf0a935dc18e338fb6806ea42a8bd9"},{"Customer_Name":"E","Calendar_week":37,"Amount":-1.0,"PickAndPay":1,"Revenue":-1621.37,"Invoice_Date":"2016-09-13","Article_Number":"111125198","Article_Name":"GLUE DAM JOINT 3X128X197","Order_Form_ID":"faaf0a935dc18e338fb6806ea42a8bd9"},{"Customer_Name":"E","Calendar_week":37,"Amount":-1.0,"PickAndPay":1,"Revenue":-2116.02,"Invoice_Date":"2016-09-13","Article_Number":"119826410","Article_Name":"STEAM HOSE 1\"X350MM","Order_Form_ID":"faaf0a935dc18e338fb6806ea42a8bd9"},{"Customer_Name":"E","Calendar_week":38,"Amount":8.0,"PickAndPay":1,"Revenue":4371.65,"Invoice_Date":"2016-09-23","Article_Number":"123052320","Article_Name":"NO-CRUSH-ROLLER 165X65X50","Order_Form_ID":"e447157b5b30492d82714ea14e8590d2"},{"Customer_Name":"E","Calendar_week":38,"Amount":4.0,"PickAndPay":1,"Revenue":5224.65,"Invoice_Date":"2016-09-23","Article_Number":"105406991","Article_Name":"GRINDING WHEEL 50X11X19MM","Order_Form_ID":"e447157b5b30492d82714ea14e8590d2"},{"Customer_Name":"E","Calendar_week":38,"Amount":100.0,"PickAndPay":1,"Revenue":1865.95,"Invoice_Date":"2016-09-23","Article_Number":"107254210","Article_Name":"FELT 46X35X10MM","Order_Form_ID":"e447157b5b30492d82714ea14e8590d2"},{"Customer_Name":"E","Calendar_week":38,"Amount":11.0,"PickAndPay":1,"Revenue":58350.82,"Invoice_Date":"2016-09-23","Article_Number":"105303998","Article_Name":"DISC CUT KNIFE 240X1,2MM,28°","Order_Form_ID":"e447157b5b30492d82714ea14e8590d2"},{"Customer_Name":"E","Calendar_week":38,"Amount":40.0,"PickAndPay":1,"Revenue":21218.48,"Invoice_Date":"2016-09-23","Article_Number":"136481820","Article_Name":"NO-CRUSH-ROLLER 180X65X50","Order_Form_ID":"e447157b5b30492d82714ea14e8590d2"},{"Customer_Name":"E","Calendar_week":38,"Amount":2.0,"PickAndPay":1,"Revenue":7309.89,"Invoice_Date":"2016-09-23","Article_Number":"199825800","Article_Name":"PERFLU V250 HIGH TEMP 800G 400ML","Order_Form_ID":"e447157b5b30492d82714ea14e8590d2"},{"Customer_Name":"E","Calendar_week":38,"Amount":1.0,"PickAndPay":1,"Revenue":4078.43,"Invoice_Date":"2016-09-23","Article_Number":"119957860","Article_Name":"STEAM HOSE 1\"X875MM -5\/+10","Order_Form_ID":"e447157b5b30492d82714ea14e8590d2"},{"Customer_Name":"E","Calendar_week":38,"Amount":2.0,"PickAndPay":1,"Revenue":9489.67,"Invoice_Date":"2016-09-23","Article_Number":"150697601","Article_Name":"PNEUMATIC CYLINDER 25X 40","Order_Form_ID":"e447157b5b30492d82714ea14e8590d2"},{"Customer_Name":"E","Calendar_week":38,"Amount":2.0,"PickAndPay":1,"Revenue":5437.9,"Invoice_Date":"2016-09-23","Article_Number":"111125303","Article_Name":"GLUE DAM JOINT 3X260X220","Order_Form_ID":"e447157b5b30492d82714ea14e8590d2"},{"Customer_Name":"E","Calendar_week":38,"Amount":1.0,"PickAndPay":1,"Revenue":1572.73,"Invoice_Date":"2016-09-23","Article_Number":"111125199","Article_Name":"GLUE DAM JOINT 3X128X197","Order_Form_ID":"e447157b5b30492d82714ea14e8590d2"},{"Customer_Name":"E","Calendar_week":38,"Amount":1.0,"PickAndPay":1,"Revenue":1572.73,"Invoice_Date":"2016-09-23","Article_Number":"111125198","Article_Name":"GLUE DAM JOINT 3X128X197","Order_Form_ID":"e447157b5b30492d82714ea14e8590d2"},{"Customer_Name":"E","Calendar_week":38,"Amount":1.0,"PickAndPay":1,"Revenue":2052.54,"Invoice_Date":"2016-09-23","Article_Number":"119826410","Article_Name":"STEAM HOSE 1\"X350MM","Order_Form_ID":"e447157b5b30492d82714ea14e8590d2"},{"Customer_Name":"E","Calendar_week":38,"Amount":1.0,"PickAndPay":1,"Revenue":192.37,"Invoice_Date":"2016-09-23","Article_Number":"P030PA001","Article_Name":"PACKING","Order_Form_ID":"dab94007aec9b41e3ad359e0b2f21085"},{"Customer_Name":"E","Calendar_week":38,"Amount":1.0,"PickAndPay":1,"Revenue":615.84,"Invoice_Date":"2016-09-23","Article_Number":"P030FR001","Article_Name":"FREIGHT CHARGES","Order_Form_ID":"dab94007aec9b41e3ad359e0b2f21085"},{"Customer_Name":"E","Calendar_week":38,"Amount":1.0,"PickAndPay":1,"Revenue":192.37,"Invoice_Date":"2016-09-23","Article_Number":"P030PA001","Article_Name":"PACKING","Order_Form_ID":"787fa7ab88183d222a73d07f15cef1de"},{"Customer_Name":"E","Calendar_week":38,"Amount":1.0,"PickAndPay":1,"Revenue":335.82,"Invoice_Date":"2016-09-23","Article_Number":"P030FR001","Article_Name":"FREIGHT CHARGES","Order_Form_ID":"787fa7ab88183d222a73d07f15cef1de"},{"Customer_Name":"E","Calendar_week":38,"Amount":1.0,"PickAndPay":1,"Revenue":2473.27,"Invoice_Date":"2016-09-23","Article_Number":"P030PA001","Article_Name":"PACKING","Order_Form_ID":"0ba70e8de63b803af60ec5d926958693"},{"Customer_Name":"E","Calendar_week":38,"Amount":1.0,"PickAndPay":1,"Revenue":3246.86,"Invoice_Date":"2016-09-23","Article_Number":"P030FR001","Article_Name":"FREIGHT CHARGES","Order_Form_ID":"0ba70e8de63b803af60ec5d926958693"},{"Customer_Name":"E","Calendar_week":38,"Amount":1.0,"PickAndPay":1,"Revenue":384.73,"Invoice_Date":"2016-09-23","Article_Number":"P030PA001","Article_Name":"PACKING","Order_Form_ID":"cd3392810638777ac595a39af68246f3"},{"Customer_Name":"E","Calendar_week":38,"Amount":1.0,"PickAndPay":1,"Revenue":1086.32,"Invoice_Date":"2016-09-23","Article_Number":"P030FR001","Article_Name":"FREIGHT CHARGES","Order_Form_ID":"cd3392810638777ac595a39af68246f3"},{"Customer_Name":"E","Calendar_week":38,"Amount":1.0,"PickAndPay":1,"Revenue":1099.23,"Invoice_Date":"2016-09-23","Article_Number":"P030PA001","Article_Name":"PACKING","Order_Form_ID":"54038ae6b1bac9a689a71813c32e9bc7"},{"Customer_Name":"E","Calendar_week":38,"Amount":1.0,"PickAndPay":1,"Revenue":1869.24,"Invoice_Date":"2016-09-23","Article_Number":"P030FR001","Article_Name":"FREIGHT CHARGES","Order_Form_ID":"54038ae6b1bac9a689a71813c32e9bc7"},{"Customer_Name":"E","Calendar_week":38,"Amount":-8.0,"PickAndPay":1,"Revenue":-4371.65,"Invoice_Date":"2016-09-23","Article_Number":"123052320","Article_Name":"NO-CRUSH-ROLLER 165X65X50","Order_Form_ID":"57576c2422ed1efe379a0cf867cfeb6e"},{"Customer_Name":"E","Calendar_week":38,"Amount":-4.0,"PickAndPay":1,"Revenue":-5224.65,"Invoice_Date":"2016-09-23","Article_Number":"105406991","Article_Name":"GRINDING WHEEL 50X11X19MM","Order_Form_ID":"57576c2422ed1efe379a0cf867cfeb6e"},{"Customer_Name":"E","Calendar_week":38,"Amount":-100.0,"PickAndPay":1,"Revenue":-1865.95,"Invoice_Date":"2016-09-23","Article_Number":"107254210","Article_Name":"FELT 46X35X10MM","Order_Form_ID":"57576c2422ed1efe379a0cf867cfeb6e"},{"Customer_Name":"E","Calendar_week":38,"Amount":-11.0,"PickAndPay":1,"Revenue":-58350.82,"Invoice_Date":"2016-09-23","Article_Number":"105303998","Article_Name":"DISC CUT KNIFE 240X1,2MM,28°","Order_Form_ID":"57576c2422ed1efe379a0cf867cfeb6e"},{"Customer_Name":"E","Calendar_week":38,"Amount":-40.0,"PickAndPay":1,"Revenue":-21218.48,"Invoice_Date":"2016-09-23","Article_Number":"136481820","Article_Name":"NO-CRUSH-ROLLER 180X65X50","Order_Form_ID":"57576c2422ed1efe379a0cf867cfeb6e"},{"Customer_Name":"E","Calendar_week":38,"Amount":-2.0,"PickAndPay":1,"Revenue":-7309.89,"Invoice_Date":"2016-09-23","Article_Number":"199825800","Article_Name":"PERFLU V250 HIGH TEMP 800G 400ML","Order_Form_ID":"57576c2422ed1efe379a0cf867cfeb6e"},{"Customer_Name":"E","Calendar_week":38,"Amount":-1.0,"PickAndPay":1,"Revenue":-4078.43,"Invoice_Date":"2016-09-23","Article_Number":"119957860","Article_Name":"STEAM HOSE 1\"X875MM -5\/+10","Order_Form_ID":"57576c2422ed1efe379a0cf867cfeb6e"},{"Customer_Name":"E","Calendar_week":38,"Amount":-2.0,"PickAndPay":1,"Revenue":-9489.67,"Invoice_Date":"2016-09-23","Article_Number":"150697601","Article_Name":"PNEUMATIC CYLINDER 25X 40","Order_Form_ID":"57576c2422ed1efe379a0cf867cfeb6e"},{"Customer_Name":"E","Calendar_week":38,"Amount":-2.0,"PickAndPay":1,"Revenue":-5437.9,"Invoice_Date":"2016-09-23","Article_Number":"111125303","Article_Name":"GLUE DAM JOINT 3X260X220","Order_Form_ID":"57576c2422ed1efe379a0cf867cfeb6e"},{"Customer_Name":"E","Calendar_week":38,"Amount":-1.0,"PickAndPay":1,"Revenue":-1572.73,"Invoice_Date":"2016-09-23","Article_Number":"111125199","Article_Name":"GLUE DAM JOINT 3X128X197","Order_Form_ID":"57576c2422ed1efe379a0cf867cfeb6e"},{"Customer_Name":"E","Calendar_week":38,"Amount":-1.0,"PickAndPay":1,"Revenue":-1572.73,"Invoice_Date":"2016-09-23","Article_Number":"111125198","Article_Name":"GLUE DAM JOINT 3X128X197","Order_Form_ID":"57576c2422ed1efe379a0cf867cfeb6e"},{"Customer_Name":"E","Calendar_week":38,"Amount":-1.0,"PickAndPay":1,"Revenue":-2052.54,"Invoice_Date":"2016-09-23","Article_Number":"119826410","Article_Name":"STEAM HOSE 1\"X350MM","Order_Form_ID":"57576c2422ed1efe379a0cf867cfeb6e"},{"Customer_Name":"E","Calendar_week":38,"Amount":8.0,"PickAndPay":1,"Revenue":4371.65,"Invoice_Date":"2016-09-23","Article_Number":"123052320","Article_Name":"NO-CRUSH-ROLLER 165X65X50","Order_Form_ID":"fd28f9972be594058ea4a28060a1685d"},{"Customer_Name":"E","Calendar_week":38,"Amount":4.0,"PickAndPay":1,"Revenue":5224.65,"Invoice_Date":"2016-09-23","Article_Number":"105406991","Article_Name":"GRINDING WHEEL 50X11X19MM","Order_Form_ID":"fd28f9972be594058ea4a28060a1685d"},{"Customer_Name":"E","Calendar_week":38,"Amount":100.0,"PickAndPay":1,"Revenue":1865.95,"Invoice_Date":"2016-09-23","Article_Number":"107254210","Article_Name":"FELT 46X35X10MM","Order_Form_ID":"fd28f9972be594058ea4a28060a1685d"},{"Customer_Name":"E","Calendar_week":38,"Amount":11.0,"PickAndPay":1,"Revenue":58350.82,"Invoice_Date":"2016-09-23","Article_Number":"105303998","Article_Name":"DISC CUT KNIFE 240X1,2MM,28°","Order_Form_ID":"fd28f9972be594058ea4a28060a1685d"},{"Customer_Name":"E","Calendar_week":38,"Amount":40.0,"PickAndPay":1,"Revenue":21218.48,"Invoice_Date":"2016-09-23","Article_Number":"136481820","Article_Name":"NO-CRUSH-ROLLER 180X65X50","Order_Form_ID":"fd28f9972be594058ea4a28060a1685d"},{"Customer_Name":"E","Calendar_week":38,"Amount":2.0,"PickAndPay":1,"Revenue":7090.6,"Invoice_Date":"2016-09-23","Article_Number":"199825800","Article_Name":"PERFLU V250 HIGH TEMP 800G 400ML","Order_Form_ID":"fd28f9972be594058ea4a28060a1685d"},{"Customer_Name":"E","Calendar_week":38,"Amount":1.0,"PickAndPay":1,"Revenue":4078.43,"Invoice_Date":"2016-09-23","Article_Number":"119957860","Article_Name":"STEAM HOSE 1\"X875MM -5\/+10","Order_Form_ID":"fd28f9972be594058ea4a28060a1685d"},{"Customer_Name":"E","Calendar_week":38,"Amount":2.0,"PickAndPay":1,"Revenue":9489.67,"Invoice_Date":"2016-09-23","Article_Number":"150697601","Article_Name":"PNEUMATIC CYLINDER 25X 40","Order_Form_ID":"fd28f9972be594058ea4a28060a1685d"},{"Customer_Name":"E","Calendar_week":38,"Amount":2.0,"PickAndPay":1,"Revenue":5437.9,"Invoice_Date":"2016-09-23","Article_Number":"111125303","Article_Name":"GLUE DAM JOINT 3X260X220","Order_Form_ID":"fd28f9972be594058ea4a28060a1685d"},{"Customer_Name":"E","Calendar_week":38,"Amount":1.0,"PickAndPay":1,"Revenue":1572.73,"Invoice_Date":"2016-09-23","Article_Number":"111125199","Article_Name":"GLUE DAM JOINT 3X128X197","Order_Form_ID":"fd28f9972be594058ea4a28060a1685d"},{"Customer_Name":"E","Calendar_week":38,"Amount":1.0,"PickAndPay":1,"Revenue":1572.73,"Invoice_Date":"2016-09-23","Article_Number":"111125198","Article_Name":"GLUE DAM JOINT 3X128X197","Order_Form_ID":"fd28f9972be594058ea4a28060a1685d"},{"Customer_Name":"E","Calendar_week":38,"Amount":1.0,"PickAndPay":1,"Revenue":2052.54,"Invoice_Date":"2016-09-23","Article_Number":"119826410","Article_Name":"STEAM HOSE 1\"X350MM","Order_Form_ID":"fd28f9972be594058ea4a28060a1685d"},{"Customer_Name":"E","Calendar_week":39,"Amount":2.0,"PickAndPay":0,"Revenue":4440.9,"Invoice_Date":"2016-09-26","Article_Number":"121730200","Article_Name":"SHOCK ABSORBER D=06;H=150\/150N","Order_Form_ID":"27d2086a7e98232d9e4a148c91905ace"},{"Customer_Name":"E","Calendar_week":39,"Amount":1.0,"PickAndPay":0,"Revenue":192.37,"Invoice_Date":"2016-09-26","Article_Number":"118308700","Article_Name":"PACKING CHARGES (CARTON) 330X163X172 MM","Order_Form_ID":"27d2086a7e98232d9e4a148c91905ace"},{"Customer_Name":"E","Calendar_week":39,"Amount":1.0,"PickAndPay":1,"Revenue":2473.27,"Invoice_Date":"2016-09-26","Article_Number":"P030PA001","Article_Name":"PACKING","Order_Form_ID":"991108bdd658f7ca32517935016b04c0"},{"Customer_Name":"E","Calendar_week":39,"Amount":1.0,"PickAndPay":1,"Revenue":3246.86,"Invoice_Date":"2016-09-26","Article_Number":"P030FR001","Article_Name":"FREIGHT CHARGES","Order_Form_ID":"991108bdd658f7ca32517935016b04c0"},{"Customer_Name":"E","Calendar_week":39,"Amount":1.0,"PickAndPay":1,"Revenue":325820.95,"Invoice_Date":"2016-09-26","Article_Number":"150337628","Article_Name":"PRESSURE BELT II-QUALITY 2860X 2930","Order_Form_ID":"15b0462f0ef4332a2ac369de16af0d8e"},{"Customer_Name":"E","Calendar_week":39,"Amount":1.0,"PickAndPay":0,"Revenue":45822.59,"Invoice_Date":"2016-09-29","Article_Number":"171651521","Article_Name":"GEAR MOTOR 2,2KW L=43,917","Order_Form_ID":"76ee8e4f7766eb91a535aea8dae88404"},{"Customer_Name":"E","Calendar_week":39,"Amount":1.0,"PickAndPay":0,"Revenue":1648.85,"Invoice_Date":"2016-09-29","Article_Number":"V00000024","Article_Name":"PACKING CHARGES (BOX)","Order_Form_ID":"76ee8e4f7766eb91a535aea8dae88404"},{"Customer_Name":"E","Calendar_week":40,"Amount":37.0,"PickAndPay":0,"Revenue":34682.98,"Invoice_Date":"2016-10-05","Article_Number":"108508304","Article_Name":"SHOE 40X10X76","Order_Form_ID":"0754607b0f895f9fa3b569fe1843bb14"},{"Customer_Name":"E","Calendar_week":40,"Amount":7.0,"PickAndPay":0,"Revenue":9247.29,"Invoice_Date":"2016-10-05","Article_Number":"103560708","Article_Name":"BELT 80X3X1330","Order_Form_ID":"0754607b0f895f9fa3b569fe1843bb14"},{"Customer_Name":"E","Calendar_week":40,"Amount":6.0,"PickAndPay":0,"Revenue":11522.43,"Invoice_Date":"2016-10-05","Article_Number":"103560703","Article_Name":"BELT 80X2450X3","Order_Form_ID":"0754607b0f895f9fa3b569fe1843bb14"},{"Customer_Name":"E","Calendar_week":40,"Amount":7.0,"PickAndPay":0,"Revenue":10583.13,"Invoice_Date":"2016-10-05","Article_Number":"103560705","Article_Name":"BELT 80X1720X 3","Order_Form_ID":"0754607b0f895f9fa3b569fe1843bb14"},{"Customer_Name":"E","Calendar_week":40,"Amount":74.0,"PickAndPay":0,"Revenue":1423.23,"Invoice_Date":"2016-10-05","Article_Number":"103542702","Article_Name":"PRESSURE SPRING 0,70X7,3X41,0","Order_Form_ID":"0754607b0f895f9fa3b569fe1843bb14"},{"Customer_Name":"E","Calendar_week":40,"Amount":1.0,"PickAndPay":0,"Revenue":3520.84,"Invoice_Date":"2016-10-05","Article_Number":"180280","Article_Name":"CONNECTING WIRE FOR BELT T 1,5 \/12 METER","Order_Form_ID":"0754607b0f895f9fa3b569fe1843bb14"},{"Customer_Name":"E","Calendar_week":40,"Amount":1.0,"PickAndPay":0,"Revenue":192.37,"Invoice_Date":"2016-10-05","Article_Number":"110991004","Article_Name":"PACKING CHARGES (CARTON) 610X410X230","Order_Form_ID":"0754607b0f895f9fa3b569fe1843bb14"},{"Customer_Name":"E","Calendar_week":40,"Amount":10.0,"PickAndPay":0,"Revenue":18195.59,"Invoice_Date":"2016-10-05","Article_Number":"154855800","Article_Name":"PNEUMATIC CYLINDER 25X 50-M 5  DW","Order_Form_ID":"e73f824d6ea3bfb1c8a067c2820c0d8c"},{"Customer_Name":"E","Calendar_week":40,"Amount":1.0,"PickAndPay":0,"Revenue":192.37,"Invoice_Date":"2016-10-05","Article_Number":"110991001","Article_Name":"PACKING CHARGES (CARTON) 200X200X150","Order_Form_ID":"e73f824d6ea3bfb1c8a067c2820c0d8c"},{"Customer_Name":"E","Calendar_week":40,"Amount":2.0,"PickAndPay":0,"Revenue":21234.42,"Invoice_Date":"2016-10-05","Article_Number":"140172800","Article_Name":"FILTER ELEMENT FÜR 50\/60HZ","Order_Form_ID":"e2c02244ac301b492ae63b4a623799c7"},{"Customer_Name":"E","Calendar_week":40,"Amount":1.0,"PickAndPay":0,"Revenue":192.37,"Invoice_Date":"2016-10-05","Article_Number":"118308700","Article_Name":"PACKING CHARGES (CARTON) 330X163X172 MM","Order_Form_ID":"e2c02244ac301b492ae63b4a623799c7"},{"Customer_Name":"E","Calendar_week":40,"Amount":10.0,"PickAndPay":1,"Revenue":13061.63,"Invoice_Date":"2016-10-05","Article_Number":"105406991","Article_Name":"GRINDING WHEEL 50X11X19MM","Order_Form_ID":"b2358b2778ae2441492e0158d838243a"},{"Customer_Name":"E","Calendar_week":40,"Amount":100.0,"PickAndPay":1,"Revenue":1865.95,"Invoice_Date":"2016-10-05","Article_Number":"107254210","Article_Name":"FELT 46X35X10MM","Order_Form_ID":"b2358b2778ae2441492e0158d838243a"},{"Customer_Name":"E","Calendar_week":40,"Amount":6.0,"PickAndPay":1,"Revenue":31827.72,"Invoice_Date":"2016-10-05","Article_Number":"105303998","Article_Name":"DISC CUT KNIFE 240X1,2MM,28°","Order_Form_ID":"b2358b2778ae2441492e0158d838243a"},{"Customer_Name":"E","Calendar_week":40,"Amount":24.0,"PickAndPay":1,"Revenue":12731.03,"Invoice_Date":"2016-10-05","Article_Number":"136481820","Article_Name":"NO-CRUSH-ROLLER 180X65X50","Order_Form_ID":"b2358b2778ae2441492e0158d838243a"},{"Customer_Name":"E","Calendar_week":40,"Amount":1.0,"PickAndPay":1,"Revenue":3545.3,"Invoice_Date":"2016-10-05","Article_Number":"199825800","Article_Name":"PERFLU V250 HIGH TEMP 800G 400ML","Order_Form_ID":"b2358b2778ae2441492e0158d838243a"},{"Customer_Name":"E","Calendar_week":40,"Amount":1.0,"PickAndPay":1,"Revenue":4744.84,"Invoice_Date":"2016-10-05","Article_Number":"150697601","Article_Name":"PNEUMATIC CYLINDER 25X 40","Order_Form_ID":"b2358b2778ae2441492e0158d838243a"},{"Customer_Name":"E","Calendar_week":40,"Amount":1.0,"PickAndPay":1,"Revenue":3012.17,"Invoice_Date":"2016-10-05","Article_Number":"105407210","Article_Name":"TOOTHED BELT 29,5X 8X 640","Order_Form_ID":"b2358b2778ae2441492e0158d838243a"},{"Customer_Name":"E","Calendar_week":41,"Amount":-1.0,"PickAndPay":1,"Revenue":-236965.34,"Invoice_Date":"2016-10-10","Article_Number":"150337628","Article_Name":"PRESSURE BELT II-QUALITY 2860X 2930","Order_Form_ID":"46a8f297cd491b0aacb7d68bf5b91383"},{"Customer_Name":"E","Calendar_week":41,"Amount":50.0,"PickAndPay":0,"Revenue":143666.08,"Invoice_Date":"2016-10-13","Article_Number":"185651.20","Article_Name":"ROLLER CHAIN 20 B-1","Order_Form_ID":"7c1c855bc3d9940e8e7355ea8d66b06b"},{"Customer_Name":"E","Calendar_week":41,"Amount":12.0,"PickAndPay":0,"Revenue":1710.95,"Invoice_Date":"2016-10-13","Article_Number":"600955","Article_Name":"CONNECTING LINK S-20 B-1","Order_Form_ID":"7c1c855bc3d9940e8e7355ea8d66b06b"},{"Customer_Name":"E","Calendar_week":41,"Amount":1.0,"PickAndPay":0,"Revenue":1099.23,"Invoice_Date":"2016-10-13","Article_Number":"110680400","Article_Name":"PACKING CHARGES (PAL-BOX I) 830X580X680","Order_Form_ID":"7c1c855bc3d9940e8e7355ea8d66b06b"},{"Customer_Name":"E","Calendar_week":42,"Amount":4.8,"PickAndPay":0,"Revenue":6437.38,"Invoice_Date":"2016-10-19","Article_Number":"148143400","Article_Name":"HOOK BELT FASTENER G006-SS-600W","Order_Form_ID":"c16e09231e0c1205ac9480a71a7024ee"},{"Customer_Name":"E","Calendar_week":42,"Amount":6.0,"PickAndPay":0,"Revenue":11443.56,"Invoice_Date":"2016-10-19","Article_Number":"103560727","Article_Name":"BELT 80X3X2530,0","Order_Form_ID":"c16e09231e0c1205ac9480a71a7024ee"},{"Customer_Name":"E","Calendar_week":42,"Amount":1.0,"PickAndPay":0,"Revenue":192.37,"Invoice_Date":"2016-10-19","Article_Number":"110991006","Article_Name":"PACKING CHARGES (CARTON) 700X200X200","Order_Form_ID":"c16e09231e0c1205ac9480a71a7024ee"},{"Customer_Name":"E","Calendar_week":42,"Amount":4.0,"PickAndPay":1,"Revenue":8404.73,"Invoice_Date":"2016-10-19","Article_Number":"233761300","Article_Name":"GUIDE CARRIAGE 107X150","Order_Form_ID":"21fdbb6abde3cfc8fbea5e81715d6e41"},{"Customer_Name":"E","Calendar_week":42,"Amount":4.0,"PickAndPay":1,"Revenue":1642.53,"Invoice_Date":"2016-10-19","Article_Number":"131672130","Article_Name":"O-RING 37,69X3,53","Order_Form_ID":"21fdbb6abde3cfc8fbea5e81715d6e41"},{"Customer_Name":"E","Calendar_week":42,"Amount":1.0,"PickAndPay":1,"Revenue":1439.17,"Invoice_Date":"2016-10-19","Article_Number":"147177215","Article_Name":"SUPPORT","Order_Form_ID":"21fdbb6abde3cfc8fbea5e81715d6e41"},{"Customer_Name":"E","Calendar_week":42,"Amount":1.0,"PickAndPay":1,"Revenue":3002.28,"Invoice_Date":"2016-10-19","Article_Number":"147177212","Article_Name":"FEELER PLATE","Order_Form_ID":"21fdbb6abde3cfc8fbea5e81715d6e41"},{"Customer_Name":"E","Calendar_week":42,"Amount":5.0,"PickAndPay":1,"Revenue":2100.36,"Invoice_Date":"2016-10-19","Article_Number":"181318800","Article_Name":"SEALING RING D99X2","Order_Form_ID":"21fdbb6abde3cfc8fbea5e81715d6e41"},{"Customer_Name":"E","Calendar_week":42,"Amount":4.0,"PickAndPay":1,"Revenue":5439.55,"Invoice_Date":"2016-10-19","Article_Number":"233763600","Article_Name":"DOUBLE RAIL 330 LG","Order_Form_ID":"21fdbb6abde3cfc8fbea5e81715d6e41"},{"Customer_Name":"E","Calendar_week":42,"Amount":1.0,"PickAndPay":1,"Revenue":192.37,"Invoice_Date":"2016-10-19","Article_Number":"118308700","Article_Name":"PACKING CHARGES (CARTON) 330X163X172 MM","Order_Form_ID":"21fdbb6abde3cfc8fbea5e81715d6e41"},{"Customer_Name":"E","Calendar_week":43,"Amount":1.0,"PickAndPay":0,"Revenue":158205.63,"Invoice_Date":"2016-10-27","Article_Number":"227158728","Article_Name":"BRAKING ROLL 318X3100\/3485","Order_Form_ID":"3d5bc4acbe6c761641ba0cc1da02a978"},{"Customer_Name":"E","Calendar_week":43,"Amount":1.0,"PickAndPay":0,"Revenue":3945.14,"Invoice_Date":"2016-10-27","Article_Number":"137109","Article_Name":"PILLOW BLOCK FRAME UNIT 60X240X60X140","Order_Form_ID":"3d5bc4acbe6c761641ba0cc1da02a978"},{"Customer_Name":"E","Calendar_week":43,"Amount":1.0,"PickAndPay":0,"Revenue":2265.79,"Invoice_Date":"2016-10-27","Article_Number":"136746","Article_Name":"PILLOW BLOCK FRAME UNIT 60X240X140 - 222","Order_Form_ID":"3d5bc4acbe6c761641ba0cc1da02a978"},{"Customer_Name":"E","Calendar_week":43,"Amount":1.0,"PickAndPay":0,"Revenue":7694.63,"Invoice_Date":"2016-10-27","Article_Number":"V00000024","Article_Name":"PACKING CHARGES (BOX)","Order_Form_ID":"3d5bc4acbe6c761641ba0cc1da02a978"},{"Customer_Name":"E","Calendar_week":43,"Amount":1.0,"PickAndPay":0,"Revenue":7337.38,"Invoice_Date":"2016-10-27","Article_Number":"P030FR001","Article_Name":"FREIGHT CHARGES","Order_Form_ID":"3d5bc4acbe6c761641ba0cc1da02a978"},{"Customer_Name":"E","Calendar_week":44,"Amount":101.0,"PickAndPay":1,"Revenue":1884.63,"Invoice_Date":"2016-11-04","Article_Number":"107254210","Article_Name":"FELT 46X35X10MM","Order_Form_ID":"a713b79bfdf30bfc6e71b85d7be7cd3b"},{"Customer_Name":"E","Calendar_week":44,"Amount":6.0,"PickAndPay":1,"Revenue":31827.72,"Invoice_Date":"2016-11-04","Article_Number":"105303998","Article_Name":"DISC CUT KNIFE 240X1,2MM,28°","Order_Form_ID":"a713b79bfdf30bfc6e71b85d7be7cd3b"},{"Customer_Name":"E","Calendar_week":45,"Amount":1.0,"PickAndPay":1,"Revenue":384.73,"Invoice_Date":"2016-11-07","Article_Number":"P030PA001","Article_Name":"PACKING","Order_Form_ID":"c3398ff2e2a4f17cad5877f69bd6fee7"},{"Customer_Name":"E","Calendar_week":45,"Amount":1.0,"PickAndPay":1,"Revenue":839.81,"Invoice_Date":"2016-11-07","Article_Number":"P030FR001","Article_Name":"FREIGHT CHARGES","Order_Form_ID":"c3398ff2e2a4f17cad5877f69bd6fee7"},{"Customer_Name":"E","Calendar_week":46,"Amount":6.0,"PickAndPay":0,"Revenue":4958.09,"Invoice_Date":"2016-11-15","Article_Number":"553374","Article_Name":"SEALING ELEMENT RAD.288.5X260","Order_Form_ID":"b7ec67b89217debc8224a4c11d0ddd55"},{"Customer_Name":"E","Calendar_week":46,"Amount":1.0,"PickAndPay":0,"Revenue":192.37,"Invoice_Date":"2016-11-15","Article_Number":"118308700","Article_Name":"PACKING CHARGES (CARTON) 330X163X172 MM","Order_Form_ID":"b7ec67b89217debc8224a4c11d0ddd55"},{"Customer_Name":"E","Calendar_week":47,"Amount":4.0,"PickAndPay":0,"Revenue":14418.35,"Invoice_Date":"2016-11-23","Article_Number":"155506000","Article_Name":"SELF-ALIGNING ROLLER BEARING 50X90X28","Order_Form_ID":"62ef3d8a15d610760e675e2ae8b517da"},{"Customer_Name":"E","Calendar_week":47,"Amount":1.0,"PickAndPay":0,"Revenue":88847.92,"Invoice_Date":"2016-11-23","Article_Number":"154870500","Article_Name":"ROLL AB 2800","Order_Form_ID":"62ef3d8a15d610760e675e2ae8b517da"},{"Customer_Name":"E","Calendar_week":47,"Amount":1.0,"PickAndPay":0,"Revenue":7694.63,"Invoice_Date":"2016-11-23","Article_Number":"V00000010","Article_Name":"PACKING CHARGES (BOX) 3280X280X410MM","Order_Form_ID":"62ef3d8a15d610760e675e2ae8b517da"},{"Customer_Name":"E","Calendar_week":48,"Amount":5.0,"PickAndPay":0,"Revenue":6533.29,"Invoice_Date":"2016-11-28","Article_Number":"151395411","Article_Name":"CABLE, PIECES 10M PVC 3X0,34MM² M8X1","Order_Form_ID":"c1bf026c4f42a48677dd7a96b9d82fa7"},{"Customer_Name":"E","Calendar_week":48,"Amount":1.0,"PickAndPay":0,"Revenue":192.37,"Invoice_Date":"2016-11-28","Article_Number":"110991000","Article_Name":"PACKING CHARGES (CARTON) 200X200X80","Order_Form_ID":"c1bf026c4f42a48677dd7a96b9d82fa7"},{"Customer_Name":"E","Calendar_week":48,"Amount":2.0,"PickAndPay":0,"Revenue":15156.76,"Invoice_Date":"2016-11-30","Article_Number":"112314210","Article_Name":"LIGHT BARRIER 10-30VDC; 5-400MM","Order_Form_ID":"0e738d1f93f9a81e3a8b67ce4d080ecd"},{"Customer_Name":"E","Calendar_week":48,"Amount":1.0,"PickAndPay":0,"Revenue":192.37,"Invoice_Date":"2016-11-30","Article_Number":"110991000","Article_Name":"PACKING CHARGES (CARTON) 200X200X80","Order_Form_ID":"0e738d1f93f9a81e3a8b67ce4d080ecd"},{"Customer_Name":"E","Calendar_week":49,"Amount":250.0,"PickAndPay":1,"Revenue":4809.14,"Invoice_Date":"2016-12-09","Article_Number":"107254210","Article_Name":"FELT 46X35X10MM","Order_Form_ID":"109a553d4f96098cfc55585435006497"},{"Customer_Name":"E","Calendar_week":49,"Amount":52.0,"PickAndPay":1,"Revenue":28437.14,"Invoice_Date":"2016-12-09","Article_Number":"136481820","Article_Name":"NO-CRUSH-ROLLER 180X65X50","Order_Form_ID":"109a553d4f96098cfc55585435006497"},{"Customer_Name":"E","Calendar_week":49,"Amount":8.0,"PickAndPay":1,"Revenue":4506.85,"Invoice_Date":"2016-12-09","Article_Number":"123052320","Article_Name":"NO-CRUSH-ROLLER 165X65X50","Order_Form_ID":"109a553d4f96098cfc55585435006497"},{"Customer_Name":"E","Calendar_week":49,"Amount":14.0,"PickAndPay":1,"Revenue":76561.53,"Invoice_Date":"2016-12-09","Article_Number":"105303998","Article_Name":"DISC CUT KNIFE 240X1,2MM,28°","Order_Form_ID":"109a553d4f96098cfc55585435006497"},{"Customer_Name":"E","Calendar_week":49,"Amount":4.0,"PickAndPay":1,"Revenue":5386.24,"Invoice_Date":"2016-12-09","Article_Number":"105406991","Article_Name":"GRINDING WHEEL 50X11X19MM","Order_Form_ID":"109a553d4f96098cfc55585435006497"},{"Customer_Name":"E","Calendar_week":49,"Amount":4.0,"PickAndPay":1,"Revenue":317.68,"Invoice_Date":"2016-12-09","Article_Number":"150343","Article_Name":"SEALING RING 38,0X46,0X2,0","Order_Form_ID":"109a553d4f96098cfc55585435006497"},{"Customer_Name":"E","Calendar_week":49,"Amount":2.0,"PickAndPay":1,"Revenue":7309.89,"Invoice_Date":"2016-12-09","Article_Number":"199825800","Article_Name":"PERFLU V250 HIGH TEMP 800G 400ML","Order_Form_ID":"109a553d4f96098cfc55585435006497"},{"Customer_Name":"E","Calendar_week":49,"Amount":1.0,"PickAndPay":1,"Revenue":4891.58,"Invoice_Date":"2016-12-09","Article_Number":"150697601","Article_Name":"PNEUMATIC CYLINDER 25X 40","Order_Form_ID":"109a553d4f96098cfc55585435006497"},{"Customer_Name":"E","Calendar_week":49,"Amount":1.0,"PickAndPay":1,"Revenue":1209.16,"Invoice_Date":"2016-12-09","Article_Number":"601135","Article_Name":"GLUE 1PC=1L","Order_Form_ID":"109a553d4f96098cfc55585435006497"},{"Customer_Name":"E","Calendar_week":49,"Amount":1.0,"PickAndPay":1,"Revenue":395.72,"Invoice_Date":"2016-12-09","Article_Number":"104230550","Article_Name":"FOAM RUBBER 60X12X2850","Order_Form_ID":"109a553d4f96098cfc55585435006497"},{"Customer_Name":"E","Calendar_week":49,"Amount":-250.0,"PickAndPay":1,"Revenue":-4809.14,"Invoice_Date":"2016-12-09","Article_Number":"107254210","Article_Name":"FELT 46X35X10MM","Order_Form_ID":"ab3cece01e78718b8dd53279235c3e36"},{"Customer_Name":"E","Calendar_week":49,"Amount":-52.0,"PickAndPay":1,"Revenue":-28437.14,"Invoice_Date":"2016-12-09","Article_Number":"136481820","Article_Name":"NO-CRUSH-ROLLER 180X65X50","Order_Form_ID":"ab3cece01e78718b8dd53279235c3e36"},{"Customer_Name":"E","Calendar_week":49,"Amount":-8.0,"PickAndPay":1,"Revenue":-4506.85,"Invoice_Date":"2016-12-09","Article_Number":"123052320","Article_Name":"NO-CRUSH-ROLLER 165X65X50","Order_Form_ID":"ab3cece01e78718b8dd53279235c3e36"},{"Customer_Name":"E","Calendar_week":49,"Amount":-14.0,"PickAndPay":1,"Revenue":-76561.53,"Invoice_Date":"2016-12-09","Article_Number":"105303998","Article_Name":"DISC CUT KNIFE 240X1,2MM,28°","Order_Form_ID":"ab3cece01e78718b8dd53279235c3e36"},{"Customer_Name":"E","Calendar_week":49,"Amount":-4.0,"PickAndPay":1,"Revenue":-5386.24,"Invoice_Date":"2016-12-09","Article_Number":"105406991","Article_Name":"GRINDING WHEEL 50X11X19MM","Order_Form_ID":"ab3cece01e78718b8dd53279235c3e36"},{"Customer_Name":"E","Calendar_week":49,"Amount":-4.0,"PickAndPay":1,"Revenue":-317.68,"Invoice_Date":"2016-12-09","Article_Number":"150343","Article_Name":"SEALING RING 38,0X46,0X2,0","Order_Form_ID":"ab3cece01e78718b8dd53279235c3e36"},{"Customer_Name":"E","Calendar_week":49,"Amount":-2.0,"PickAndPay":1,"Revenue":-7309.89,"Invoice_Date":"2016-12-09","Article_Number":"199825800","Article_Name":"PERFLU V250 HIGH TEMP 800G 400ML","Order_Form_ID":"ab3cece01e78718b8dd53279235c3e36"},{"Customer_Name":"E","Calendar_week":49,"Amount":-1.0,"PickAndPay":1,"Revenue":-4891.58,"Invoice_Date":"2016-12-09","Article_Number":"150697601","Article_Name":"PNEUMATIC CYLINDER 25X 40","Order_Form_ID":"ab3cece01e78718b8dd53279235c3e36"},{"Customer_Name":"E","Calendar_week":49,"Amount":-1.0,"PickAndPay":1,"Revenue":-1209.16,"Invoice_Date":"2016-12-09","Article_Number":"601135","Article_Name":"GLUE 1PC=1L","Order_Form_ID":"ab3cece01e78718b8dd53279235c3e36"},{"Customer_Name":"E","Calendar_week":49,"Amount":-1.0,"PickAndPay":1,"Revenue":-395.72,"Invoice_Date":"2016-12-09","Article_Number":"104230550","Article_Name":"FOAM RUBBER 60X12X2850","Order_Form_ID":"ab3cece01e78718b8dd53279235c3e36"},{"Customer_Name":"E","Calendar_week":49,"Amount":250.0,"PickAndPay":1,"Revenue":4664.87,"Invoice_Date":"2016-12-09","Article_Number":"107254210","Article_Name":"FELT 46X35X10MM","Order_Form_ID":"8c990437e7b50f084574c9e64e7012b7"},{"Customer_Name":"E","Calendar_week":49,"Amount":52.0,"PickAndPay":1,"Revenue":27584.13,"Invoice_Date":"2016-12-09","Article_Number":"136481820","Article_Name":"NO-CRUSH-ROLLER 180X65X50","Order_Form_ID":"8c990437e7b50f084574c9e64e7012b7"},{"Customer_Name":"E","Calendar_week":49,"Amount":8.0,"PickAndPay":1,"Revenue":4371.65,"Invoice_Date":"2016-12-09","Article_Number":"123052320","Article_Name":"NO-CRUSH-ROLLER 165X65X50","Order_Form_ID":"8c990437e7b50f084574c9e64e7012b7"},{"Customer_Name":"E","Calendar_week":49,"Amount":14.0,"PickAndPay":1,"Revenue":74264.68,"Invoice_Date":"2016-12-09","Article_Number":"105303998","Article_Name":"DISC CUT KNIFE 240X1,2MM,28°","Order_Form_ID":"8c990437e7b50f084574c9e64e7012b7"},{"Customer_Name":"E","Calendar_week":49,"Amount":4.0,"PickAndPay":1,"Revenue":5224.65,"Invoice_Date":"2016-12-09","Article_Number":"105406991","Article_Name":"GRINDING WHEEL 50X11X19MM","Order_Form_ID":"8c990437e7b50f084574c9e64e7012b7"},{"Customer_Name":"E","Calendar_week":49,"Amount":4.0,"PickAndPay":1,"Revenue":308.06,"Invoice_Date":"2016-12-09","Article_Number":"150343","Article_Name":"SEALING RING 38,0X46,0X2,0","Order_Form_ID":"8c990437e7b50f084574c9e64e7012b7"},{"Customer_Name":"E","Calendar_week":49,"Amount":2.0,"PickAndPay":1,"Revenue":7309.89,"Invoice_Date":"2016-12-09","Article_Number":"199825800","Article_Name":"PERFLU V250 HIGH TEMP 800G 400ML","Order_Form_ID":"8c990437e7b50f084574c9e64e7012b7"},{"Customer_Name":"E","Calendar_week":49,"Amount":1.0,"PickAndPay":1,"Revenue":4744.84,"Invoice_Date":"2016-12-09","Article_Number":"150697601","Article_Name":"PNEUMATIC CYLINDER 25X 40","Order_Form_ID":"8c990437e7b50f084574c9e64e7012b7"},{"Customer_Name":"E","Calendar_week":49,"Amount":1.0,"PickAndPay":1,"Revenue":1172.88,"Invoice_Date":"2016-12-09","Article_Number":"601135","Article_Name":"GLUE 1PC=1L","Order_Form_ID":"8c990437e7b50f084574c9e64e7012b7"},{"Customer_Name":"E","Calendar_week":49,"Amount":1.0,"PickAndPay":1,"Revenue":383.91,"Invoice_Date":"2016-12-09","Article_Number":"104230550","Article_Name":"FOAM RUBBER 60X12X2850","Order_Form_ID":"8c990437e7b50f084574c9e64e7012b7"},{"Customer_Name":"E","Calendar_week":49,"Amount":-1.0,"PickAndPay":0,"Revenue":-3654.95,"Invoice_Date":"2016-12-09","Article_Number":"199825800","Article_Name":"PERFLU V250 HIGH TEMP 800G 400ML","Order_Form_ID":"b209a4f082601e0ba0979f108a2de577"},{"Customer_Name":"E","Calendar_week":49,"Amount":-250.0,"PickAndPay":1,"Revenue":-4664.87,"Invoice_Date":"2016-12-09","Article_Number":"107254210","Article_Name":"FELT 46X35X10MM","Order_Form_ID":"86e745e777147e65ce67b1ad93ccc32e"},{"Customer_Name":"E","Calendar_week":49,"Amount":-52.0,"PickAndPay":1,"Revenue":-27584.13,"Invoice_Date":"2016-12-09","Article_Number":"136481820","Article_Name":"NO-CRUSH-ROLLER 180X65X50","Order_Form_ID":"86e745e777147e65ce67b1ad93ccc32e"},{"Customer_Name":"E","Calendar_week":49,"Amount":-8.0,"PickAndPay":1,"Revenue":-4371.65,"Invoice_Date":"2016-12-09","Article_Number":"123052320","Article_Name":"NO-CRUSH-ROLLER 165X65X50","Order_Form_ID":"86e745e777147e65ce67b1ad93ccc32e"},{"Customer_Name":"E","Calendar_week":49,"Amount":-14.0,"PickAndPay":1,"Revenue":-74264.68,"Invoice_Date":"2016-12-09","Article_Number":"105303998","Article_Name":"DISC CUT KNIFE 240X1,2MM,28°","Order_Form_ID":"86e745e777147e65ce67b1ad93ccc32e"},{"Customer_Name":"E","Calendar_week":49,"Amount":-4.0,"PickAndPay":1,"Revenue":-5224.65,"Invoice_Date":"2016-12-09","Article_Number":"105406991","Article_Name":"GRINDING WHEEL 50X11X19MM","Order_Form_ID":"86e745e777147e65ce67b1ad93ccc32e"},{"Customer_Name":"E","Calendar_week":49,"Amount":-4.0,"PickAndPay":1,"Revenue":-308.06,"Invoice_Date":"2016-12-09","Article_Number":"150343","Article_Name":"SEALING RING 38,0X46,0X2,0","Order_Form_ID":"86e745e777147e65ce67b1ad93ccc32e"},{"Customer_Name":"E","Calendar_week":49,"Amount":-2.0,"PickAndPay":1,"Revenue":-7309.89,"Invoice_Date":"2016-12-09","Article_Number":"199825800","Article_Name":"PERFLU V250 HIGH TEMP 800G 400ML","Order_Form_ID":"86e745e777147e65ce67b1ad93ccc32e"},{"Customer_Name":"E","Calendar_week":49,"Amount":-1.0,"PickAndPay":1,"Revenue":-4744.84,"Invoice_Date":"2016-12-09","Article_Number":"150697601","Article_Name":"PNEUMATIC CYLINDER 25X 40","Order_Form_ID":"86e745e777147e65ce67b1ad93ccc32e"},{"Customer_Name":"E","Calendar_week":49,"Amount":-1.0,"PickAndPay":1,"Revenue":-1172.88,"Invoice_Date":"2016-12-09","Article_Number":"601135","Article_Name":"GLUE 1PC=1L","Order_Form_ID":"86e745e777147e65ce67b1ad93ccc32e"},{"Customer_Name":"E","Calendar_week":49,"Amount":-1.0,"PickAndPay":1,"Revenue":-383.91,"Invoice_Date":"2016-12-09","Article_Number":"104230550","Article_Name":"FOAM RUBBER 60X12X2850","Order_Form_ID":"86e745e777147e65ce67b1ad93ccc32e"},{"Customer_Name":"E","Calendar_week":50,"Amount":250.0,"PickAndPay":1,"Revenue":4664.87,"Invoice_Date":"2016-12-12","Article_Number":"107254210","Article_Name":"FELT 46X35X10MM","Order_Form_ID":"2b7321a2c49a6a377a48e6aabe2de985"},{"Customer_Name":"E","Calendar_week":50,"Amount":52.0,"PickAndPay":1,"Revenue":27584.13,"Invoice_Date":"2016-12-12","Article_Number":"136481820","Article_Name":"NO-CRUSH-ROLLER 180X65X50","Order_Form_ID":"2b7321a2c49a6a377a48e6aabe2de985"},{"Customer_Name":"E","Calendar_week":50,"Amount":8.0,"PickAndPay":1,"Revenue":4371.65,"Invoice_Date":"2016-12-12","Article_Number":"123052320","Article_Name":"NO-CRUSH-ROLLER 165X65X50","Order_Form_ID":"2b7321a2c49a6a377a48e6aabe2de985"},{"Customer_Name":"E","Calendar_week":50,"Amount":14.0,"PickAndPay":1,"Revenue":74264.68,"Invoice_Date":"2016-12-12","Article_Number":"105303998","Article_Name":"DISC CUT KNIFE 240X1,2MM,28°","Order_Form_ID":"2b7321a2c49a6a377a48e6aabe2de985"},{"Customer_Name":"E","Calendar_week":50,"Amount":4.0,"PickAndPay":1,"Revenue":5224.65,"Invoice_Date":"2016-12-12","Article_Number":"105406991","Article_Name":"GRINDING WHEEL 50X11X19MM","Order_Form_ID":"2b7321a2c49a6a377a48e6aabe2de985"},{"Customer_Name":"E","Calendar_week":50,"Amount":4.0,"PickAndPay":1,"Revenue":308.06,"Invoice_Date":"2016-12-12","Article_Number":"150343","Article_Name":"SEALING RING 38,0X46,0X2,0","Order_Form_ID":"2b7321a2c49a6a377a48e6aabe2de985"},{"Customer_Name":"E","Calendar_week":50,"Amount":2.0,"PickAndPay":1,"Revenue":7090.6,"Invoice_Date":"2016-12-12","Article_Number":"199825800","Article_Name":"PERFLU V250 HIGH TEMP 800G 400ML","Order_Form_ID":"2b7321a2c49a6a377a48e6aabe2de985"},{"Customer_Name":"E","Calendar_week":50,"Amount":1.0,"PickAndPay":1,"Revenue":4744.84,"Invoice_Date":"2016-12-12","Article_Number":"150697601","Article_Name":"PNEUMATIC CYLINDER 25X 40","Order_Form_ID":"2b7321a2c49a6a377a48e6aabe2de985"},{"Customer_Name":"E","Calendar_week":50,"Amount":1.0,"PickAndPay":1,"Revenue":1172.88,"Invoice_Date":"2016-12-12","Article_Number":"601135","Article_Name":"GLUE 1PC=1L","Order_Form_ID":"2b7321a2c49a6a377a48e6aabe2de985"},{"Customer_Name":"E","Calendar_week":50,"Amount":1.0,"PickAndPay":1,"Revenue":383.91,"Invoice_Date":"2016-12-12","Article_Number":"104230550","Article_Name":"FOAM RUBBER 60X12X2850","Order_Form_ID":"2b7321a2c49a6a377a48e6aabe2de985"},{"Customer_Name":"E","Calendar_week":50,"Amount":1.0,"PickAndPay":1,"Revenue":192.37,"Invoice_Date":"2016-12-12","Article_Number":"P030PA001","Article_Name":"PACKING","Order_Form_ID":"6e32e818f7581d82bd4fb5709eb2d3ae"},{"Customer_Name":"E","Calendar_week":50,"Amount":1.0,"PickAndPay":1,"Revenue":447.66,"Invoice_Date":"2016-12-12","Article_Number":"P030FR001","Article_Name":"FREIGHT CHARGES","Order_Form_ID":"6e32e818f7581d82bd4fb5709eb2d3ae"},{"Customer_Name":"E","Calendar_week":50,"Amount":1.0,"PickAndPay":1,"Revenue":1374.04,"Invoice_Date":"2016-12-12","Article_Number":"P030PA001","Article_Name":"PACKING","Order_Form_ID":"3ff49b0736437987cba566ea4457f6a4"},{"Customer_Name":"E","Calendar_week":50,"Amount":1.0,"PickAndPay":1,"Revenue":1869.24,"Invoice_Date":"2016-12-12","Article_Number":"P030FR001","Article_Name":"FREIGHT CHARGES","Order_Form_ID":"3ff49b0736437987cba566ea4457f6a4"},{"Customer_Name":"E","Calendar_week":50,"Amount":1.0,"PickAndPay":0,"Revenue":32168.76,"Invoice_Date":"2016-12-14","Article_Number":"194858412","Article_Name":"FREQUENCY CONTROLLER 320-550V\/4,5A\/45-65","Order_Form_ID":"e7efedce5b8ec4b0ece317f7086ce82b"},{"Customer_Name":"E","Calendar_week":50,"Amount":1.0,"PickAndPay":0,"Revenue":192.37,"Invoice_Date":"2016-12-14","Article_Number":"110991003","Article_Name":"PACKING CHARGES (CARTON) 360X360X250","Order_Form_ID":"e7efedce5b8ec4b0ece317f7086ce82b"},{"Customer_Name":"E","Calendar_week":51,"Amount":2.0,"PickAndPay":0,"Revenue":7384.92,"Invoice_Date":"2016-12-21","Article_Number":"178188401","Article_Name":"LIGHT BARRIER 24 VDC","Order_Form_ID":"971851a44fd5c1a3be5c630b52bcb171"},{"Customer_Name":"E","Calendar_week":51,"Amount":3.0,"PickAndPay":0,"Revenue":11077.24,"Invoice_Date":"2016-12-21","Article_Number":"178188400","Article_Name":"LIGHT BARRIER 24 VDC","Order_Form_ID":"971851a44fd5c1a3be5c630b52bcb171"},{"Customer_Name":"E","Calendar_week":51,"Amount":1.0,"PickAndPay":0,"Revenue":192.37,"Invoice_Date":"2016-12-21","Article_Number":"110991000","Article_Name":"PACKING CHARGES (CARTON) 200X200X80","Order_Form_ID":"971851a44fd5c1a3be5c630b52bcb171"},{"Customer_Name":"E","Calendar_week":51,"Amount":1.0,"PickAndPay":0,"Revenue":9159.08,"Invoice_Date":"2016-12-21","Article_Number":"170431750","Article_Name":"MAIN SWITCH 400 A","Order_Form_ID":"ae9db33371c5a6572f2ad251f6108a2b"},{"Customer_Name":"E","Calendar_week":51,"Amount":1.0,"PickAndPay":0,"Revenue":192.37,"Invoice_Date":"2016-12-21","Article_Number":"110991002","Article_Name":"PACKING CHARGES (CARTON) 300X300X200","Order_Form_ID":"ae9db33371c5a6572f2ad251f6108a2b"},{"Customer_Name":"E","Calendar_week":1,"Amount":1.0,"PickAndPay":0,"Revenue":14703.61,"Invoice_Date":"2017-01-02","Article_Number":"118385600","Article_Name":"SLIDE PLATE BL4X1080X74X8","Order_Form_ID":"6eea33a10e31cd37bbfba64cda907557"},{"Customer_Name":"E","Calendar_week":1,"Amount":1.0,"PickAndPay":0,"Revenue":192.37,"Invoice_Date":"2017-01-02","Article_Number":"110991010","Article_Name":"PACKING CHARGES (CARTON) 1100X100X100","Order_Form_ID":"6eea33a10e31cd37bbfba64cda907557"},{"Customer_Name":"E","Calendar_week":52,"Amount":-1.0,"PickAndPay":0,"Revenue":-316934.21,"Invoice_Date":"2016-12-31","Article_Number":"P030BO001","Article_Name":"BONUS","Order_Form_ID":"b76f6fc03bd22548c6bd8a8c7939814f"},{"Customer_Name":"E","Calendar_week":2,"Amount":1.0,"PickAndPay":1,"Revenue":2425.73,"Invoice_Date":"2017-01-09","Article_Number":"100335702","Article_Name":"BACOMIN V42-50 UNIVERSAL 400ML","Order_Form_ID":"e255edb2c0fc7e07893ac3c0712843a2"},{"Customer_Name":"E","Calendar_week":2,"Amount":1.0,"PickAndPay":1,"Revenue":192.37,"Invoice_Date":"2017-01-13","Article_Number":"P030PA001","Article_Name":"PACKING","Order_Form_ID":"0aa8cc14c03b44780cf93f09869a56e6"},{"Customer_Name":"E","Calendar_week":2,"Amount":1.0,"PickAndPay":1,"Revenue":335.82,"Invoice_Date":"2017-01-13","Article_Number":"P030FR001","Article_Name":"FREIGHT CHARGES","Order_Form_ID":"0aa8cc14c03b44780cf93f09869a56e6"},{"Customer_Name":"E","Calendar_week":3,"Amount":1.0,"PickAndPay":1,"Revenue":65449.39,"Invoice_Date":"2017-01-19","Article_Number":"BSP3000100","Article_Name":"PICK&PAY","Order_Form_ID":"cf5fa3e659e3e55d34650ff6449352a9"},{"Customer_Name":"E","Calendar_week":4,"Amount":1.0,"PickAndPay":0,"Revenue":25254.86,"Invoice_Date":"2017-01-23","Article_Number":"116146000","Article_Name":"ELECTRONIC CARD","Order_Form_ID":"2f15b34db8bf0cd553085e9ba1eabeac"},{"Customer_Name":"E","Calendar_week":4,"Amount":1.0,"PickAndPay":0,"Revenue":10182.74,"Invoice_Date":"2017-01-23","Article_Number":"P030FR001","Article_Name":"FREIGHT CHARGES","Order_Form_ID":"2f15b34db8bf0cd553085e9ba1eabeac"},{"Customer_Name":"E","Calendar_week":4,"Amount":2.0,"PickAndPay":0,"Revenue":18193.94,"Invoice_Date":"2017-01-23","Article_Number":"121010610","Article_Name":"SEALING RING K=1 1\/2\"","Order_Form_ID":"91fab32c8a304924120ac626f453d8a3"},{"Customer_Name":"E","Calendar_week":4,"Amount":2.0,"PickAndPay":0,"Revenue":1369.09,"Invoice_Date":"2017-01-23","Article_Number":"121010618","Article_Name":"SEAL ID=102 DICKE=2","Order_Form_ID":"91fab32c8a304924120ac626f453d8a3"},{"Customer_Name":"E","Calendar_week":4,"Amount":2.0,"PickAndPay":0,"Revenue":13549.41,"Invoice_Date":"2017-01-23","Article_Number":"121010619","Article_Name":"SEAL","Order_Form_ID":"91fab32c8a304924120ac626f453d8a3"},{"Customer_Name":"E","Calendar_week":4,"Amount":1.0,"PickAndPay":0,"Revenue":192.37,"Invoice_Date":"2017-01-23","Article_Number":"110991000","Article_Name":"PACKING CHARGES (CARTON) 200X200X80","Order_Form_ID":"91fab32c8a304924120ac626f453d8a3"},{"Customer_Name":"E","Calendar_week":3,"Amount":-1.0,"PickAndPay":1,"Revenue":-65449.39,"Invoice_Date":"2017-01-19","Article_Number":"BSP3000100","Article_Name":"PICK&PAY","Order_Form_ID":"0fcd314c3c08ff9bbcfd21a2adb1fa78"},{"Customer_Name":"E","Calendar_week":4,"Amount":1.0,"PickAndPay":1,"Revenue":65449.39,"Invoice_Date":"2017-01-24","Article_Number":"BSP3000100","Article_Name":"PICK&PAY","Order_Form_ID":"0da4a35b980ca7d64c78df37bd2e4202"},{"Customer_Name":"E","Calendar_week":6,"Amount":1.0,"PickAndPay":1,"Revenue":1572.73,"Invoice_Date":"2017-02-10","Article_Number":"111125199","Article_Name":"GLUE DAM JOINT 3X128X197","Order_Form_ID":"d2e6a66aedd42aa32df33c2369054cca"},{"Customer_Name":"E","Calendar_week":6,"Amount":4.0,"PickAndPay":1,"Revenue":2185.82,"Invoice_Date":"2017-02-10","Article_Number":"123052320","Article_Name":"NO-CRUSH-ROLLER 165X65X50","Order_Form_ID":"d2e6a66aedd42aa32df33c2369054cca"},{"Customer_Name":"E","Calendar_week":6,"Amount":1.0,"PickAndPay":1,"Revenue":1572.73,"Invoice_Date":"2017-02-10","Article_Number":"111125198","Article_Name":"GLUE DAM JOINT 3X128X197","Order_Form_ID":"d2e6a66aedd42aa32df33c2369054cca"},{"Customer_Name":"E","Calendar_week":6,"Amount":1.0,"PickAndPay":1,"Revenue":2500.75,"Invoice_Date":"2017-02-10","Article_Number":"100335702","Article_Name":"BACOMIN V42-50 UNIVERSAL 400ML","Order_Form_ID":"d2e6a66aedd42aa32df33c2369054cca"},{"Customer_Name":"E","Calendar_week":6,"Amount":200.0,"PickAndPay":1,"Revenue":3731.89,"Invoice_Date":"2017-02-10","Article_Number":"107254210","Article_Name":"FELT 46X35X10MM","Order_Form_ID":"d2e6a66aedd42aa32df33c2369054cca"},{"Customer_Name":"E","Calendar_week":6,"Amount":6.0,"PickAndPay":1,"Revenue":31827.72,"Invoice_Date":"2017-02-10","Article_Number":"105303998","Article_Name":"DISC CUT KNIFE 240X1,2MM,28°","Order_Form_ID":"d2e6a66aedd42aa32df33c2369054cca"},{"Customer_Name":"E","Calendar_week":6,"Amount":1.0,"PickAndPay":1,"Revenue":3654.95,"Invoice_Date":"2017-02-10","Article_Number":"199825800","Article_Name":"PERFLU V250 HIGH TEMP 800G 400ML","Order_Form_ID":"d2e6a66aedd42aa32df33c2369054cca"},{"Customer_Name":"E","Calendar_week":6,"Amount":1.0,"PickAndPay":1,"Revenue":826.35,"Invoice_Date":"2017-02-10","Article_Number":"127811050","Article_Name":"MODULE S7\/ET200S\/4DI DC24V","Order_Form_ID":"d2e6a66aedd42aa32df33c2369054cca"},{"Customer_Name":"E","Calendar_week":6,"Amount":2.0,"PickAndPay":1,"Revenue":143118.66,"Invoice_Date":"2017-02-10","Article_Number":"109888054","Article_Name":"KNIFE 2840X30X8 AB2800","Order_Form_ID":"d2e6a66aedd42aa32df33c2369054cca"},{"Customer_Name":"E","Calendar_week":6,"Amount":96.0,"PickAndPay":1,"Revenue":1842.59,"Invoice_Date":"2017-02-10","Article_Number":"177592300","Article_Name":"PLATE SPRING 8,4X15X2","Order_Form_ID":"d2e6a66aedd42aa32df33c2369054cca"},{"Customer_Name":"E","Calendar_week":6,"Amount":96.0,"PickAndPay":1,"Revenue":1842.59,"Invoice_Date":"2017-02-10","Article_Number":"100441800","Article_Name":"SUPPORTING PLATE S 10X16X1,2","Order_Form_ID":"d2e6a66aedd42aa32df33c2369054cca"},{"Customer_Name":"E","Calendar_week":6,"Amount":96.0,"PickAndPay":1,"Revenue":1842.59,"Invoice_Date":"2017-02-10","Article_Number":"191757201","Article_Name":"LENS HEAD SCREW M8X25","Order_Form_ID":"d2e6a66aedd42aa32df33c2369054cca"},{"Customer_Name":"E","Calendar_week":6,"Amount":8.0,"PickAndPay":1,"Revenue":153.62,"Invoice_Date":"2017-02-10","Article_Number":"191757200","Article_Name":"LENS HEAD SCREW M8X16","Order_Form_ID":"d2e6a66aedd42aa32df33c2369054cca"},{"Customer_Name":"E","Calendar_week":6,"Amount":2.0,"PickAndPay":1,"Revenue":269.31,"Invoice_Date":"2017-02-10","Article_Number":"177671310","Article_Name":"ADHESIVE LABEL","Order_Form_ID":"d2e6a66aedd42aa32df33c2369054cca"},{"Customer_Name":"E","Calendar_week":6,"Amount":1.0,"PickAndPay":1,"Revenue":183.85,"Invoice_Date":"2017-02-10","Article_Number":"173687700","Article_Name":"TORX SOCKET GR.TX40 1\/2-ZOLL","Order_Form_ID":"d2e6a66aedd42aa32df33c2369054cca"},{"Customer_Name":"E","Calendar_week":6,"Amount":2.0,"PickAndPay":1,"Revenue":5437.9,"Invoice_Date":"2017-02-10","Article_Number":"111125303","Article_Name":"GLUE DAM JOINT 3X260X220","Order_Form_ID":"d2e6a66aedd42aa32df33c2369054cca"},{"Customer_Name":"E","Calendar_week":7,"Amount":-1.0,"PickAndPay":0,"Revenue":-253547.53,"Invoice_Date":"2017-02-18","Article_Number":"P030BO001","Article_Name":"BONUS","Order_Form_ID":"12788404a3601f5da571dc3b27151d18"},{"Customer_Name":"E","Calendar_week":8,"Amount":1.0,"PickAndPay":0,"Revenue":4121.02,"Invoice_Date":"2017-02-22","Article_Number":"162835600","Article_Name":"SHAFT RD40X210","Order_Form_ID":"ab980bfdf5cb93f5c7da4e34d9a2764d"},{"Customer_Name":"E","Calendar_week":8,"Amount":1.0,"PickAndPay":0,"Revenue":192.37,"Invoice_Date":"2017-02-22","Article_Number":"110991000","Article_Name":"PACKING CHARGES (CARTON) 200X200X80","Order_Form_ID":"ab980bfdf5cb93f5c7da4e34d9a2764d"},{"Customer_Name":"E","Calendar_week":9,"Amount":1.0,"PickAndPay":0,"Revenue":22243.79,"Invoice_Date":"2017-02-27","Article_Number":"104944921","Article_Name":"SLIDING POTENTIOMETER 5 K.OHM","Order_Form_ID":"f858a9f6b0ac7e5132b2371121ac83ad"},{"Customer_Name":"E","Calendar_week":9,"Amount":1.0,"PickAndPay":0,"Revenue":1734.31,"Invoice_Date":"2017-02-27","Article_Number":"104944922","Article_Name":"PLUG 3 METER KABEL","Order_Form_ID":"f858a9f6b0ac7e5132b2371121ac83ad"},{"Customer_Name":"E","Calendar_week":9,"Amount":4.0,"PickAndPay":0,"Revenue":5245.54,"Invoice_Date":"2017-02-27","Article_Number":"104944923","Article_Name":"CARBON BRUSH","Order_Form_ID":"f858a9f6b0ac7e5132b2371121ac83ad"},{"Customer_Name":"E","Calendar_week":9,"Amount":1.0,"PickAndPay":0,"Revenue":192.37,"Invoice_Date":"2017-02-27","Article_Number":"118308700","Article_Name":"PACKING CHARGES (CARTON) 330X163X172 MM","Order_Form_ID":"f858a9f6b0ac7e5132b2371121ac83ad"},{"Customer_Name":"E","Calendar_week":9,"Amount":1.0,"PickAndPay":1,"Revenue":2220.45,"Invoice_Date":"2017-02-28","Article_Number":"P030FR001","Article_Name":"FREIGHT CHARGES","Order_Form_ID":"faa66150b0154e2717819e6ec740352c"},{"Customer_Name":"E","Calendar_week":9,"Amount":1.0,"PickAndPay":1,"Revenue":1566.41,"Invoice_Date":"2017-02-28","Article_Number":"P030PA001","Article_Name":"PACKING","Order_Form_ID":"faa66150b0154e2717819e6ec740352c"},{"Customer_Name":"E","Calendar_week":9,"Amount":1.0,"PickAndPay":1,"Revenue":2500.75,"Invoice_Date":"2017-03-01","Article_Number":"100335702","Article_Name":"BACOMIN V42-50 UNIVERSAL 400ML","Order_Form_ID":"b2af0027c95a24b0f0c7c88e39fa95b5"},{"Customer_Name":"E","Calendar_week":9,"Amount":3.0,"PickAndPay":1,"Revenue":15913.86,"Invoice_Date":"2017-03-01","Article_Number":"105303998","Article_Name":"DISC CUT KNIFE 240X1,2MM,28°","Order_Form_ID":"b2af0027c95a24b0f0c7c88e39fa95b5"},{"Customer_Name":"E","Calendar_week":9,"Amount":2.0,"PickAndPay":1,"Revenue":7309.89,"Invoice_Date":"2017-03-01","Article_Number":"199825800","Article_Name":"PERFLU V250 HIGH TEMP 800G 400ML","Order_Form_ID":"b2af0027c95a24b0f0c7c88e39fa95b5"},{"Customer_Name":"E","Calendar_week":9,"Amount":1.0,"PickAndPay":1,"Revenue":4744.84,"Invoice_Date":"2017-03-01","Article_Number":"150697601","Article_Name":"PNEUMATIC CYLINDER 25X 40","Order_Form_ID":"b2af0027c95a24b0f0c7c88e39fa95b5"},{"Customer_Name":"E","Calendar_week":11,"Amount":4.0,"PickAndPay":0,"Revenue":8726.8,"Invoice_Date":"2017-03-14","Article_Number":"233761300","Article_Name":"GUIDE CARRIAGE 107X150","Order_Form_ID":"e0b1d92a30f2ed641fb3017f66fcf160"},{"Customer_Name":"E","Calendar_week":11,"Amount":4.0,"PickAndPay":0,"Revenue":5569.26,"Invoice_Date":"2017-03-14","Article_Number":"233763600","Article_Name":"DOUBLE RAIL 330 LG","Order_Form_ID":"e0b1d92a30f2ed641fb3017f66fcf160"},{"Customer_Name":"E","Calendar_week":11,"Amount":1.0,"PickAndPay":0,"Revenue":192.37,"Invoice_Date":"2017-03-14","Article_Number":"118308700","Article_Name":"PACKING CHARGES (CARTON) 330X163X172 MM","Order_Form_ID":"e0b1d92a30f2ed641fb3017f66fcf160"},{"Customer_Name":"E","Calendar_week":11,"Amount":-4.0,"PickAndPay":0,"Revenue":-8726.8,"Invoice_Date":"2017-03-14","Article_Number":"233761300","Article_Name":"GUIDE CARRIAGE 107X150","Order_Form_ID":"5daddc5986093b1a4df7adb43e592224"},{"Customer_Name":"E","Calendar_week":11,"Amount":-4.0,"PickAndPay":0,"Revenue":-5569.26,"Invoice_Date":"2017-03-14","Article_Number":"233763600","Article_Name":"DOUBLE RAIL 330 LG","Order_Form_ID":"5daddc5986093b1a4df7adb43e592224"},{"Customer_Name":"E","Calendar_week":11,"Amount":-1.0,"PickAndPay":0,"Revenue":-192.37,"Invoice_Date":"2017-03-14","Article_Number":"118308700","Article_Name":"PACKING CHARGES (CARTON) 330X163X172 MM","Order_Form_ID":"5daddc5986093b1a4df7adb43e592224"},{"Customer_Name":"E","Calendar_week":11,"Amount":4.0,"PickAndPay":0,"Revenue":8472.88,"Invoice_Date":"2017-03-16","Article_Number":"233761300","Article_Name":"GUIDE CARRIAGE 107X150","Order_Form_ID":"0777def1b9fdfc3dfe3a187ab2421eca"},{"Customer_Name":"E","Calendar_week":11,"Amount":4.0,"PickAndPay":0,"Revenue":5404.38,"Invoice_Date":"2017-03-16","Article_Number":"233763600","Article_Name":"DOUBLE RAIL 330 LG","Order_Form_ID":"0777def1b9fdfc3dfe3a187ab2421eca"},{"Customer_Name":"E","Calendar_week":11,"Amount":1.0,"PickAndPay":0,"Revenue":192.37,"Invoice_Date":"2017-03-16","Article_Number":"118308700","Article_Name":"PACKING CHARGES (CARTON) 330X163X172 MM","Order_Form_ID":"0777def1b9fdfc3dfe3a187ab2421eca"},{"Customer_Name":"E","Calendar_week":13,"Amount":8.0,"PickAndPay":0,"Revenue":83594.41,"Invoice_Date":"2017-03-27","Article_Number":"140172800","Article_Name":"FILTER ELEMENT FÜR 50\/60HZ","Order_Form_ID":"0bdb61d83e92fab79b578f582a2fc76a"},{"Customer_Name":"E","Calendar_week":13,"Amount":1.0,"PickAndPay":0,"Revenue":412.21,"Invoice_Date":"2017-03-27","Article_Number":"V00000019","Article_Name":"PACKING CHARGES (EUR-PALLET) 1200X800X14","Order_Form_ID":"0bdb61d83e92fab79b578f582a2fc76a"},{"Customer_Name":"E","Calendar_week":13,"Amount":1.0,"PickAndPay":0,"Revenue":3970.98,"Invoice_Date":"2017-03-27","Article_Number":"P030FR001","Article_Name":"FREIGHT CHARGES","Order_Form_ID":"0bdb61d83e92fab79b578f582a2fc76a"},{"Customer_Name":"E","Calendar_week":13,"Amount":1.0,"PickAndPay":0,"Revenue":26599.5,"Invoice_Date":"2017-03-28","Article_Number":"170595900","Article_Name":"GUIDE ROLLER","Order_Form_ID":"1e7080b7808e177fe509459b0029aa6d"},{"Customer_Name":"E","Calendar_week":13,"Amount":4.0,"PickAndPay":0,"Revenue":48471.47,"Invoice_Date":"2017-03-28","Article_Number":"108074600","Article_Name":"BRUSH 1X300X1450","Order_Form_ID":"1e7080b7808e177fe509459b0029aa6d"},{"Customer_Name":"E","Calendar_week":13,"Amount":1.0,"PickAndPay":0,"Revenue":2748.08,"Invoice_Date":"2017-03-28","Article_Number":"V00000005","Article_Name":"PACKING CHARGES (BOX) 1540X540X340MM","Order_Form_ID":"1e7080b7808e177fe509459b0029aa6d"},{"Customer_Name":"E","Calendar_week":14,"Amount":6.0,"PickAndPay":0,"Revenue":32141.83,"Invoice_Date":"2017-04-04","Article_Number":"105303998","Article_Name":"DISC CUT KNIFE 240X1,2MM,28°","Order_Form_ID":"65b7c0e45533a9931a7cbb861b6bd660"},{"Customer_Name":"E","Calendar_week":14,"Amount":48.0,"PickAndPay":0,"Revenue":26996.59,"Invoice_Date":"2017-04-04","Article_Number":"136481820","Article_Name":"NO-CRUSH-ROLLER 180X65X50","Order_Form_ID":"65b7c0e45533a9931a7cbb861b6bd660"},{"Customer_Name":"E","Calendar_week":14,"Amount":100.0,"PickAndPay":0,"Revenue":1886.56,"Invoice_Date":"2017-04-04","Article_Number":"107254210","Article_Name":"FELT 46X35X10MM","Order_Form_ID":"65b7c0e45533a9931a7cbb861b6bd660"},{"Customer_Name":"E","Calendar_week":14,"Amount":1.0,"PickAndPay":0,"Revenue":1099.23,"Invoice_Date":"2017-04-04","Article_Number":"110680400","Article_Name":"PACKING CHARGES (PAL-BOX I) 830X580X680","Order_Form_ID":"65b7c0e45533a9931a7cbb861b6bd660"},{"Customer_Name":"E","Calendar_week":15,"Amount":1.0,"PickAndPay":0,"Revenue":16249.68,"Invoice_Date":"2017-04-13","Article_Number":"124352302","Article_Name":"TRANSMITTER 11-27 VDC","Order_Form_ID":"e5da535295056c74b1f1feab8456a698"},{"Customer_Name":"E","Calendar_week":15,"Amount":1.0,"PickAndPay":0,"Revenue":192.37,"Invoice_Date":"2017-04-13","Article_Number":"118308700","Article_Name":"PACKING CHARGES (CARTON) 330X163X172 MM","Order_Form_ID":"e5da535295056c74b1f1feab8456a698"},{"Customer_Name":"E","Calendar_week":17,"Amount":2.0,"PickAndPay":0,"Revenue":8974.96,"Invoice_Date":"2017-04-27","Article_Number":"111471890","Article_Name":"INSULATING COVER 143\/36X42LG.102","Order_Form_ID":"057e40008e4af1e44164e18a8d23ac41"},{"Customer_Name":"E","Calendar_week":17,"Amount":4.0,"PickAndPay":0,"Revenue":310.81,"Invoice_Date":"2017-04-27","Article_Number":"150343","Article_Name":"SEALING RING 38,0X46,0X2,0","Order_Form_ID":"057e40008e4af1e44164e18a8d23ac41"},{"Customer_Name":"E","Calendar_week":17,"Amount":1.0,"PickAndPay":0,"Revenue":192.37,"Invoice_Date":"2017-04-27","Article_Number":"110991000","Article_Name":"PACKING CHARGES (CARTON) 200X200X80","Order_Form_ID":"057e40008e4af1e44164e18a8d23ac41"},{"Customer_Name":"E","Calendar_week":17,"Amount":1.0,"PickAndPay":1,"Revenue":192.37,"Invoice_Date":"2017-04-28","Article_Number":"P030PA001","Article_Name":"PACKING","Order_Form_ID":"f63f67594655f37ec11e1bb9dd7fd065"},{"Customer_Name":"E","Calendar_week":17,"Amount":1.0,"PickAndPay":1,"Revenue":447.66,"Invoice_Date":"2017-04-28","Article_Number":"P030FR001","Article_Name":"FREIGHT CHARGES","Order_Form_ID":"f63f67594655f37ec11e1bb9dd7fd065"},{"Customer_Name":"E","Calendar_week":17,"Amount":18.0,"PickAndPay":1,"Revenue":35986.12,"Invoice_Date":"2017-04-28","Article_Number":"123428001","Article_Name":"ROLL 125\/95X70","Order_Form_ID":"27152d364ee6f5c49b3f5df65cb0031f"},{"Customer_Name":"E","Calendar_week":17,"Amount":2.0,"PickAndPay":1,"Revenue":26976.26,"Invoice_Date":"2017-04-28","Article_Number":"109649601","Article_Name":"MEASURING WHEEL 158,8\/15X50","Order_Form_ID":"27152d364ee6f5c49b3f5df65cb0031f"},{"Customer_Name":"E","Calendar_week":17,"Amount":8.0,"PickAndPay":1,"Revenue":42436.96,"Invoice_Date":"2017-04-28","Article_Number":"126292402","Article_Name":"BRUSH ROLL SEGMENT 300X203X216MM","Order_Form_ID":"27152d364ee6f5c49b3f5df65cb0031f"},{"Customer_Name":"E","Calendar_week":17,"Amount":100.0,"PickAndPay":1,"Revenue":1865.95,"Invoice_Date":"2017-04-28","Article_Number":"107254210","Article_Name":"FELT 46X35X10MM","Order_Form_ID":"27152d364ee6f5c49b3f5df65cb0031f"},{"Customer_Name":"E","Calendar_week":17,"Amount":12.0,"PickAndPay":1,"Revenue":63655.44,"Invoice_Date":"2017-04-28","Article_Number":"105303998","Article_Name":"DISC CUT KNIFE 240X1,2MM,28°","Order_Form_ID":"27152d364ee6f5c49b3f5df65cb0031f"},{"Customer_Name":"E","Calendar_week":17,"Amount":1.0,"PickAndPay":1,"Revenue":29108.77,"Invoice_Date":"2017-04-28","Article_Number":"181300","Article_Name":"ROTARY STEAM JOINT R 1 1\/4\"","Order_Form_ID":"27152d364ee6f5c49b3f5df65cb0031f"},{"Customer_Name":"E","Calendar_week":18,"Amount":1.0,"PickAndPay":1,"Revenue":1099.23,"Invoice_Date":"2017-05-04","Article_Number":"P030PA001","Article_Name":"PACKING","Order_Form_ID":"1f59fcf707bf9767c24554703e69dd8b"},{"Customer_Name":"E","Calendar_week":18,"Amount":1.0,"PickAndPay":1,"Revenue":2630.74,"Invoice_Date":"2017-05-04","Article_Number":"P030FR001","Article_Name":"FREIGHT CHARGES","Order_Form_ID":"1f59fcf707bf9767c24554703e69dd8b"},{"Customer_Name":"E","Calendar_week":18,"Amount":10.0,"PickAndPay":0,"Revenue":26778.67,"Invoice_Date":"2017-05-05","Article_Number":"102955404","Article_Name":"BRUSH 1,0X300X510","Order_Form_ID":"1a4d83319abd8f155e857165d0104b73"},{"Customer_Name":"E","Calendar_week":18,"Amount":4.0,"PickAndPay":0,"Revenue":2186.1,"Invoice_Date":"2017-05-05","Article_Number":"131672110","Article_Name":"O-RING 53,57X3,53","Order_Form_ID":"1a4d83319abd8f155e857165d0104b73"},{"Customer_Name":"E","Calendar_week":18,"Amount":2.0,"PickAndPay":0,"Revenue":3933.05,"Invoice_Date":"2017-05-05","Article_Number":"102955406","Article_Name":"BRUSH 1,0X300X270","Order_Form_ID":"1a4d83319abd8f155e857165d0104b73"},{"Customer_Name":"E","Calendar_week":18,"Amount":4.0,"PickAndPay":0,"Revenue":11113.51,"Invoice_Date":"2017-05-05","Article_Number":"178049","Article_Name":"LIMIT SWITCH SPIRALFEDER","Order_Form_ID":"1a4d83319abd8f155e857165d0104b73"},{"Customer_Name":"E","Calendar_week":18,"Amount":30.0,"PickAndPay":0,"Revenue":108644.82,"Invoice_Date":"2017-05-05","Article_Number":"511387.01","Article_Name":"BRUSH 2,0X400X510","Order_Form_ID":"1a4d83319abd8f155e857165d0104b73"},{"Customer_Name":"E","Calendar_week":18,"Amount":6.0,"PickAndPay":0,"Revenue":16951.26,"Invoice_Date":"2017-05-05","Article_Number":"511387.02","Article_Name":"BRUSH 2,0X400X270","Order_Form_ID":"1a4d83319abd8f155e857165d0104b73"},{"Customer_Name":"E","Calendar_week":18,"Amount":1.0,"PickAndPay":0,"Revenue":1099.23,"Invoice_Date":"2017-05-05","Article_Number":"110680400","Article_Name":"PACKING CHARGES (PAL-BOX I) 830X580X680","Order_Form_ID":"1a4d83319abd8f155e857165d0104b73"},{"Customer_Name":"E","Calendar_week":19,"Amount":10.0,"PickAndPay":0,"Revenue":1735.14,"Invoice_Date":"2017-05-09","Article_Number":"104581513","Article_Name":"O-RING 10X2","Order_Form_ID":"d937d3b3a1b6489406a57c8e679d73c5"},{"Customer_Name":"E","Calendar_week":19,"Amount":10.0,"PickAndPay":0,"Revenue":2721.42,"Invoice_Date":"2017-05-09","Article_Number":"104581528","Article_Name":"SPRING","Order_Form_ID":"d937d3b3a1b6489406a57c8e679d73c5"},{"Customer_Name":"E","Calendar_week":19,"Amount":10.0,"PickAndPay":0,"Revenue":8019.17,"Invoice_Date":"2017-05-09","Article_Number":"104581529","Article_Name":"SEALING RING 60X  50X  7","Order_Form_ID":"d937d3b3a1b6489406a57c8e679d73c5"},{"Customer_Name":"E","Calendar_week":19,"Amount":5.0,"PickAndPay":0,"Revenue":13288.89,"Invoice_Date":"2017-05-09","Article_Number":"104581532","Article_Name":"PISTON","Order_Form_ID":"d937d3b3a1b6489406a57c8e679d73c5"},{"Customer_Name":"E","Calendar_week":19,"Amount":1.0,"PickAndPay":0,"Revenue":11676.87,"Invoice_Date":"2017-05-09","Article_Number":"104581551","Article_Name":"CALIPER OF THE DISK BRAKE","Order_Form_ID":"d937d3b3a1b6489406a57c8e679d73c5"},{"Customer_Name":"E","Calendar_week":19,"Amount":1.0,"PickAndPay":0,"Revenue":192.37,"Invoice_Date":"2017-05-09","Article_Number":"110991001","Article_Name":"PACKING CHARGES (CARTON) 200X200X150","Order_Form_ID":"d937d3b3a1b6489406a57c8e679d73c5"},{"Customer_Name":"E","Calendar_week":19,"Amount":1.0,"PickAndPay":1,"Revenue":192.37,"Invoice_Date":"2017-05-12","Article_Number":"P030PA001","Article_Name":"PACKING","Order_Form_ID":"e5e13b77a67e03a8258714754a8fae1a"},{"Customer_Name":"E","Calendar_week":19,"Amount":1.0,"PickAndPay":1,"Revenue":335.82,"Invoice_Date":"2017-05-12","Article_Number":"P030FR001","Article_Name":"FREIGHT CHARGES","Order_Form_ID":"e5e13b77a67e03a8258714754a8fae1a"},{"Customer_Name":"E","Calendar_week":22,"Amount":64.0,"PickAndPay":1,"Revenue":33949.51,"Invoice_Date":"2017-05-31","Article_Number":"136481820","Article_Name":"NO-CRUSH-ROLLER 180X65X50","Order_Form_ID":"9f27b21c8c5f7377f2ca5cbcff06e0e2"},{"Customer_Name":"E","Calendar_week":22,"Amount":100.0,"PickAndPay":1,"Revenue":1865.95,"Invoice_Date":"2017-05-31","Article_Number":"107254210","Article_Name":"FELT 46X35X10MM","Order_Form_ID":"3aabc22da21d008fd164ba08bdb81a6b"},{"Customer_Name":"E","Calendar_week":22,"Amount":12.0,"PickAndPay":1,"Revenue":15673.95,"Invoice_Date":"2017-05-31","Article_Number":"105406991","Article_Name":"GRINDING WHEEL 50X11X19MM","Order_Form_ID":"3aabc22da21d008fd164ba08bdb81a6b"},{"Customer_Name":"E","Calendar_week":22,"Amount":10.0,"PickAndPay":1,"Revenue":53046.2,"Invoice_Date":"2017-05-31","Article_Number":"105303998","Article_Name":"DISC CUT KNIFE 240X1,2MM,28°","Order_Form_ID":"3aabc22da21d008fd164ba08bdb81a6b"},{"Customer_Name":"E","Calendar_week":22,"Amount":2.0,"PickAndPay":1,"Revenue":7090.6,"Invoice_Date":"2017-05-31","Article_Number":"199825800","Article_Name":"PERFLU V250 HIGH TEMP 800G 400ML","Order_Form_ID":"3aabc22da21d008fd164ba08bdb81a6b"},{"Customer_Name":"E","Calendar_week":22,"Amount":1.0,"PickAndPay":1,"Revenue":2425.73,"Invoice_Date":"2017-05-31","Article_Number":"100335702","Article_Name":"BACOMIN V42-50 UNIVERSAL 400ML","Order_Form_ID":"3aabc22da21d008fd164ba08bdb81a6b"},{"Customer_Name":"E","Calendar_week":22,"Amount":1.0,"PickAndPay":1,"Revenue":4744.84,"Invoice_Date":"2017-05-31","Article_Number":"150697601","Article_Name":"PNEUMATIC CYLINDER 25X 40","Order_Form_ID":"3aabc22da21d008fd164ba08bdb81a6b"},{"Customer_Name":"E","Calendar_week":22,"Amount":1.0,"PickAndPay":1,"Revenue":3012.17,"Invoice_Date":"2017-05-31","Article_Number":"105407210","Article_Name":"TOOTHED BELT 29,5X 8X 640","Order_Form_ID":"3aabc22da21d008fd164ba08bdb81a6b"},{"Customer_Name":"E","Calendar_week":25,"Amount":1.0,"PickAndPay":1,"Revenue":1099.23,"Invoice_Date":"2017-06-20","Article_Number":"P030PA001","Article_Name":"PACKING","Order_Form_ID":"847e22cf02c9f58b7803cd9e6a8157a5"},{"Customer_Name":"E","Calendar_week":25,"Amount":1.0,"PickAndPay":1,"Revenue":1869.24,"Invoice_Date":"2017-06-20","Article_Number":"P030FR001","Article_Name":"FREIGHT CHARGES","Order_Form_ID":"847e22cf02c9f58b7803cd9e6a8157a5"},{"Customer_Name":"E","Calendar_week":25,"Amount":1.0,"PickAndPay":1,"Revenue":1869.24,"Invoice_Date":"2017-06-20","Article_Number":"P030FR001","Article_Name":"FREIGHT CHARGES","Order_Form_ID":"9d3fd511941cf6b11a65413008551ed1"},{"Customer_Name":"E","Calendar_week":25,"Amount":1.0,"PickAndPay":1,"Revenue":1099.23,"Invoice_Date":"2017-06-20","Article_Number":"P030PA001","Article_Name":"PACKING","Order_Form_ID":"9d3fd511941cf6b11a65413008551ed1"},{"Customer_Name":"E","Calendar_week":26,"Amount":1.0,"PickAndPay":1,"Revenue":335.82,"Invoice_Date":"2017-06-27","Article_Number":"P030FR001","Article_Name":"FREIGHT CHARGES","Order_Form_ID":"eb2dd19e4467ee35a96bd5172dfb1994"},{"Customer_Name":"E","Calendar_week":26,"Amount":1.0,"PickAndPay":1,"Revenue":192.37,"Invoice_Date":"2017-06-27","Article_Number":"P030PA001","Article_Name":"PACKING","Order_Form_ID":"eb2dd19e4467ee35a96bd5172dfb1994"},{"Customer_Name":"E","Calendar_week":26,"Amount":2.0,"PickAndPay":0,"Revenue":10502.61,"Invoice_Date":"2017-06-30","Article_Number":"158951904","Article_Name":"ACCESSORIES FOR COMPUTER 250GB HDD 2,5\"","Order_Form_ID":"035a03d4e1f89b6da11e78c454242af4"},{"Customer_Name":"E","Calendar_week":26,"Amount":10.0,"PickAndPay":0,"Revenue":7703.69,"Invoice_Date":"2017-06-30","Article_Number":"553374","Article_Name":"SEALING ELEMENT RAD.288.5X260","Order_Form_ID":"035a03d4e1f89b6da11e78c454242af4"},{"Customer_Name":"E","Calendar_week":26,"Amount":1.0,"PickAndPay":0,"Revenue":192.37,"Invoice_Date":"2017-06-30","Article_Number":"118308700","Article_Name":"PACKING CHARGES (CARTON) 330X163X172 MM","Order_Form_ID":"035a03d4e1f89b6da11e78c454242af4"},{"Customer_Name":"E","Calendar_week":26,"Amount":1.0,"PickAndPay":0,"Revenue":1387.78,"Invoice_Date":"2017-06-30","Article_Number":"P030FR001","Article_Name":"FREIGHT CHARGES","Order_Form_ID":"035a03d4e1f89b6da11e78c454242af4"},{"Customer_Name":"E","Calendar_week":26,"Amount":1.0,"PickAndPay":1,"Revenue":1572.73,"Invoice_Date":"2017-06-30","Article_Number":"111125199","Article_Name":"GLUE DAM JOINT 3X128X197","Order_Form_ID":"febbc5ce1759d7659aa652c3fda3578f"},{"Customer_Name":"E","Calendar_week":26,"Amount":1.0,"PickAndPay":1,"Revenue":1572.73,"Invoice_Date":"2017-06-30","Article_Number":"111125198","Article_Name":"GLUE DAM JOINT 3X128X197","Order_Form_ID":"febbc5ce1759d7659aa652c3fda3578f"},{"Customer_Name":"E","Calendar_week":26,"Amount":150.0,"PickAndPay":1,"Revenue":2798.92,"Invoice_Date":"2017-06-30","Article_Number":"107254210","Article_Name":"FELT 46X35X10MM","Order_Form_ID":"febbc5ce1759d7659aa652c3fda3578f"},{"Customer_Name":"E","Calendar_week":26,"Amount":6.0,"PickAndPay":1,"Revenue":7836.98,"Invoice_Date":"2017-06-30","Article_Number":"105406991","Article_Name":"GRINDING WHEEL 50X11X19MM","Order_Form_ID":"febbc5ce1759d7659aa652c3fda3578f"},{"Customer_Name":"E","Calendar_week":26,"Amount":15.0,"PickAndPay":1,"Revenue":79569.3,"Invoice_Date":"2017-06-30","Article_Number":"105303998","Article_Name":"DISC CUT KNIFE 240X1,2MM,28°","Order_Form_ID":"febbc5ce1759d7659aa652c3fda3578f"},{"Customer_Name":"E","Calendar_week":26,"Amount":1.0,"PickAndPay":1,"Revenue":4265.02,"Invoice_Date":"2017-06-30","Article_Number":"119958260","Article_Name":"STEAM HOSE 1 1\/4\"X930MM","Order_Form_ID":"febbc5ce1759d7659aa652c3fda3578f"},{"Customer_Name":"E","Calendar_week":26,"Amount":25.0,"PickAndPay":1,"Revenue":10635.9,"Invoice_Date":"2017-06-30","Article_Number":"107440100","Article_Name":"NAP FOIL 120 MM BR\/25 M","Order_Form_ID":"febbc5ce1759d7659aa652c3fda3578f"},{"Customer_Name":"E","Calendar_week":26,"Amount":1.0,"PickAndPay":1,"Revenue":1386.13,"Invoice_Date":"2017-06-30","Article_Number":"109612522","Article_Name":"SEALING LEDGE 5,5X65X2965","Order_Form_ID":"febbc5ce1759d7659aa652c3fda3578f"},{"Customer_Name":"E","Calendar_week":26,"Amount":1.0,"PickAndPay":1,"Revenue":826.35,"Invoice_Date":"2017-06-30","Article_Number":"127811050","Article_Name":"MODULE S7\/ET200S\/4DI DC24V","Order_Form_ID":"febbc5ce1759d7659aa652c3fda3578f"},{"Customer_Name":"E","Calendar_week":26,"Amount":2.0,"PickAndPay":1,"Revenue":5437.9,"Invoice_Date":"2017-06-30","Article_Number":"111125303","Article_Name":"GLUE DAM JOINT 3X260X220","Order_Form_ID":"febbc5ce1759d7659aa652c3fda3578f"},{"Customer_Name":"E","Calendar_week":27,"Amount":1.0,"PickAndPay":1,"Revenue":1085.22,"Invoice_Date":"2017-07-05","Article_Number":"P030FR001","Article_Name":"FREIGHT CHARGES","Order_Form_ID":"396df778844e59515f6c8e0addf1fa07"},{"Customer_Name":"E","Calendar_week":27,"Amount":1.0,"PickAndPay":1,"Revenue":384.73,"Invoice_Date":"2017-07-05","Article_Number":"P030PA001","Article_Name":"PACKING","Order_Form_ID":"396df778844e59515f6c8e0addf1fa07"},{"Customer_Name":"E","Calendar_week":28,"Amount":1.0,"PickAndPay":0,"Revenue":398.2,"Invoice_Date":"2017-07-13","Article_Number":"179247","Article_Name":"SCREENING UNIT 220VAC","Order_Form_ID":"ca469dd6278740b13ddda86311ec0aad"},{"Customer_Name":"E","Calendar_week":28,"Amount":1.0,"PickAndPay":0,"Revenue":8323.11,"Invoice_Date":"2017-07-13","Article_Number":"178023","Article_Name":"CONTACTOR 55KW 230VAC 3H\/2S\/2Ö","Order_Form_ID":"ca469dd6278740b13ddda86311ec0aad"},{"Customer_Name":"E","Calendar_week":28,"Amount":2.0,"PickAndPay":0,"Revenue":2269.09,"Invoice_Date":"2017-07-13","Article_Number":"111938400","Article_Name":"PLAIN BEARING FL30X15X19","Order_Form_ID":"ca469dd6278740b13ddda86311ec0aad"},{"Customer_Name":"E","Calendar_week":28,"Amount":1.0,"PickAndPay":0,"Revenue":197.86,"Invoice_Date":"2017-07-13","Article_Number":"110991001","Article_Name":"PACKING CHARGES (CARTON) 200X200X150","Order_Form_ID":"ca469dd6278740b13ddda86311ec0aad"},{"Customer_Name":"E","Calendar_week":29,"Amount":2.0,"PickAndPay":0,"Revenue":4949.02,"Invoice_Date":"2017-07-17","Article_Number":"163600428","Article_Name":"SCRAPER BLADE 2860X50X1,5","Order_Form_ID":"0d06a4cd3d818bfbedb996814a62bf13"},{"Customer_Name":"E","Calendar_week":29,"Amount":4.0,"PickAndPay":0,"Revenue":1563.93,"Invoice_Date":"2017-07-17","Article_Number":"135050","Article_Name":"RADIAL BALL BEARING 40X68X15","Order_Form_ID":"0d06a4cd3d818bfbedb996814a62bf13"},{"Customer_Name":"E","Calendar_week":29,"Amount":4.0,"PickAndPay":0,"Revenue":588.64,"Invoice_Date":"2017-07-17","Article_Number":"181615.10","Article_Name":"TENSION SPRING 2,50X22,5X60,5","Order_Form_ID":"0d06a4cd3d818bfbedb996814a62bf13"},{"Customer_Name":"E","Calendar_week":29,"Amount":1.0,"PickAndPay":0,"Revenue":197.86,"Invoice_Date":"2017-07-17","Article_Number":"110991008","Article_Name":"PACKING CHARGES (CARTON) 720X720X70","Order_Form_ID":"0d06a4cd3d818bfbedb996814a62bf13"},{"Customer_Name":"E","Calendar_week":29,"Amount":1.0,"PickAndPay":0,"Revenue":197.86,"Invoice_Date":"2017-07-17","Article_Number":"110991000","Article_Name":"PACKING CHARGES (CARTON) 200X200X80","Order_Form_ID":"0d06a4cd3d818bfbedb996814a62bf13"},{"Customer_Name":"E","Calendar_week":31,"Amount":2.0,"PickAndPay":0,"Revenue":4547.52,"Invoice_Date":"2017-07-31","Article_Number":"101706200","Article_Name":"GAS PRESSURE SPRING D10\/H200\/F 800N","Order_Form_ID":"007b2ac0588c1f9cfbeccaebacffd9c3"},{"Customer_Name":"E","Calendar_week":31,"Amount":1.0,"PickAndPay":0,"Revenue":192.37,"Invoice_Date":"2017-07-31","Article_Number":"V00000025","Article_Name":"PACKING CHARGES (CARTON)","Order_Form_ID":"007b2ac0588c1f9cfbeccaebacffd9c3"},{"Customer_Name":"E","Calendar_week":31,"Amount":200.0,"PickAndPay":1,"Revenue":3838.52,"Invoice_Date":"2017-07-31","Article_Number":"107254210","Article_Name":"FELT 46X35X10MM","Order_Form_ID":"78a4290b3ab664244b0ca249c3eb4dc7"},{"Customer_Name":"E","Calendar_week":31,"Amount":8.0,"PickAndPay":1,"Revenue":43716.47,"Invoice_Date":"2017-07-31","Article_Number":"105303998","Article_Name":"DISC CUT KNIFE 240X1,2MM,28°","Order_Form_ID":"78a4290b3ab664244b0ca249c3eb4dc7"},{"Customer_Name":"E","Calendar_week":31,"Amount":2.0,"PickAndPay":1,"Revenue":837.07,"Invoice_Date":"2017-07-31","Article_Number":"114519400","Article_Name":"SUPPORT RING SG38.8X45X1.4G","Order_Form_ID":"78a4290b3ab664244b0ca249c3eb4dc7"},{"Customer_Name":"E","Calendar_week":31,"Amount":2.0,"PickAndPay":1,"Revenue":7303.85,"Invoice_Date":"2017-07-31","Article_Number":"199825800","Article_Name":"PERFLU V250 HIGH TEMP 800G 400ML","Order_Form_ID":"78a4290b3ab664244b0ca249c3eb4dc7"},{"Customer_Name":"E","Calendar_week":31,"Amount":1.0,"PickAndPay":1,"Revenue":4371.65,"Invoice_Date":"2017-07-31","Article_Number":"119958260","Article_Name":"STEAM HOSE 1 1\/4\"X930MM","Order_Form_ID":"78a4290b3ab664244b0ca249c3eb4dc7"},{"Customer_Name":"E","Calendar_week":31,"Amount":1.0,"PickAndPay":1,"Revenue":2505.7,"Invoice_Date":"2017-07-31","Article_Number":"100335702","Article_Name":"BACOMIN V42-50 UNIVERSAL 400ML","Order_Form_ID":"78a4290b3ab664244b0ca249c3eb4dc7"},{"Customer_Name":"E","Calendar_week":31,"Amount":1.0,"PickAndPay":1,"Revenue":1359.48,"Invoice_Date":"2017-07-31","Article_Number":"185880","Article_Name":"TOOTHED BELT HTD 50X 8X1200","Order_Form_ID":"78a4290b3ab664244b0ca249c3eb4dc7"},{"Customer_Name":"E","Calendar_week":31,"Amount":1.0,"PickAndPay":0,"Revenue":37601.44,"Invoice_Date":"2017-08-02","Article_Number":"135620110","Article_Name":"FAN 400V 50 HZ","Order_Form_ID":"b0727de2bd73eefdc8a80fa07c506d7d"},{"Customer_Name":"E","Calendar_week":31,"Amount":1.0,"PickAndPay":0,"Revenue":412.21,"Invoice_Date":"2017-08-02","Article_Number":"V00000019","Article_Name":"PACKING CHARGES (EUR-PALLET) 1200X800X14","Order_Form_ID":"b0727de2bd73eefdc8a80fa07c506d7d"},{"Customer_Name":"E","Calendar_week":31,"Amount":2.0,"PickAndPay":0,"Revenue":5240.59,"Invoice_Date":"2017-08-04","Article_Number":"111972100","Article_Name":"PLATE BL6X90X100","Order_Form_ID":"a7e8d2ff8348d3e90d1af5dc7880c9b4"},{"Customer_Name":"E","Calendar_week":31,"Amount":1.0,"PickAndPay":0,"Revenue":197.86,"Invoice_Date":"2017-08-04","Article_Number":"110991000","Article_Name":"PACKING CHARGES (CARTON) 200X200X80","Order_Form_ID":"a7e8d2ff8348d3e90d1af5dc7880c9b4"},{"Customer_Name":"E","Calendar_week":32,"Amount":25.0,"PickAndPay":0,"Revenue":20155.8,"Invoice_Date":"2017-08-07","Article_Number":"116904600","Article_Name":"COLOUR FOR BOARD MARKING QUAL.NR.7100-93","Order_Form_ID":"20b8c81050e420f8ab733562732d466c"},{"Customer_Name":"E","Calendar_week":32,"Amount":16.0,"PickAndPay":0,"Revenue":67554.97,"Invoice_Date":"2017-08-07","Article_Number":"107808000","Article_Name":"LINEAR BALL BEARING D=20 L=54","Order_Form_ID":"20b8c81050e420f8ab733562732d466c"},{"Customer_Name":"E","Calendar_week":32,"Amount":1.0,"PickAndPay":0,"Revenue":197.86,"Invoice_Date":"2017-08-07","Article_Number":"118308700","Article_Name":"PACKING CHARGES (CARTON) 330X163X172 MM","Order_Form_ID":"20b8c81050e420f8ab733562732d466c"},{"Customer_Name":"E","Calendar_week":32,"Amount":1.0,"PickAndPay":1,"Revenue":335.82,"Invoice_Date":"2017-08-08","Article_Number":"P030FR001","Article_Name":"FREIGHT CHARGES","Order_Form_ID":"ab390f65f4d1b4a38c84113eab9f13de"},{"Customer_Name":"E","Calendar_week":32,"Amount":1.0,"PickAndPay":1,"Revenue":197.86,"Invoice_Date":"2017-08-08","Article_Number":"P030PA001","Article_Name":"PACKING","Order_Form_ID":"ab390f65f4d1b4a38c84113eab9f13de"},{"Customer_Name":"E","Calendar_week":32,"Amount":1.0,"PickAndPay":1,"Revenue":615.84,"Invoice_Date":"2017-08-09","Article_Number":"P030FR001","Article_Name":"FREIGHT CHARGES","Order_Form_ID":"aa2f83dc691752824457b2319732bf8c"},{"Customer_Name":"E","Calendar_week":32,"Amount":1.0,"PickAndPay":1,"Revenue":395.72,"Invoice_Date":"2017-08-09","Article_Number":"P030PA001","Article_Name":"PACKING","Order_Form_ID":"aa2f83dc691752824457b2319732bf8c"},{"Customer_Name":"E","Calendar_week":32,"Amount":25.0,"PickAndPay":0,"Revenue":20211.58,"Invoice_Date":"2017-08-10","Article_Number":"116904600","Article_Name":"COLOUR FOR BOARD MARKING QUAL.NR.7100-93","Order_Form_ID":"54c63f8f2fd138839bc9e9e1d0aa9033"},{"Customer_Name":"E","Calendar_week":33,"Amount":1.0,"PickAndPay":0,"Revenue":12224.56,"Invoice_Date":"2017-08-18","Article_Number":"129072902","Article_Name":"MEASUREMENT TRANSDUCER ANSCHLUß G1\/2\"","Order_Form_ID":"4e91e8f1ee71f1dacce946a76d2b0564"},{"Customer_Name":"E","Calendar_week":33,"Amount":1.0,"PickAndPay":0,"Revenue":197.86,"Invoice_Date":"2017-08-18","Article_Number":"118308700","Article_Name":"PACKING CHARGES (CARTON) 330X163X172 MM","Order_Form_ID":"4e91e8f1ee71f1dacce946a76d2b0564"},{"Customer_Name":"E","Calendar_week":34,"Amount":10.0,"PickAndPay":0,"Revenue":793.1,"Invoice_Date":"2017-08-21","Article_Number":"118550500","Article_Name":"O-RING 90,00X2,00","Order_Form_ID":"56a4ec9c7f36ffb0b2e562266e887003"},{"Customer_Name":"E","Calendar_week":34,"Amount":2.0,"PickAndPay":0,"Revenue":25517.03,"Invoice_Date":"2017-08-21","Article_Number":"108074600","Article_Name":"BRUSH 1X300X1450","Order_Form_ID":"56a4ec9c7f36ffb0b2e562266e887003"},{"Customer_Name":"E","Calendar_week":34,"Amount":10.0,"PickAndPay":0,"Revenue":12393.57,"Invoice_Date":"2017-08-21","Article_Number":"118550400","Article_Name":"RADIAL BALL BEARING 95X120X13","Order_Form_ID":"56a4ec9c7f36ffb0b2e562266e887003"},{"Customer_Name":"E","Calendar_week":34,"Amount":1.0,"PickAndPay":0,"Revenue":2748.08,"Invoice_Date":"2017-08-21","Article_Number":"V00000005","Article_Name":"PACKING CHARGES (BOX) 1540X540X340MM","Order_Form_ID":"56a4ec9c7f36ffb0b2e562266e887003"},{"Customer_Name":"E","Calendar_week":35,"Amount":2.0,"PickAndPay":0,"Revenue":65245.48,"Invoice_Date":"2017-08-28","Article_Number":"121010690","Article_Name":"SET OF SEALS K=1 1\/2\"","Order_Form_ID":"0ee29078e25ccf32ec2559854affcf7d"},{"Customer_Name":"E","Calendar_week":35,"Amount":1.0,"PickAndPay":0,"Revenue":197.86,"Invoice_Date":"2017-08-28","Article_Number":"110991001","Article_Name":"PACKING CHARGES (CARTON) 200X200X150","Order_Form_ID":"0ee29078e25ccf32ec2559854affcf7d"},{"Customer_Name":"E","Calendar_week":36,"Amount":2.0,"PickAndPay":0,"Revenue":4677.78,"Invoice_Date":"2017-09-06","Article_Number":"121730200","Article_Name":"SHOCK ABSORBER D=06;H=150\/150N","Order_Form_ID":"9620afe4e35627b0632446121cd8ca11"},{"Customer_Name":"E","Calendar_week":36,"Amount":1.0,"PickAndPay":0,"Revenue":197.86,"Invoice_Date":"2017-09-06","Article_Number":"118308700","Article_Name":"PACKING CHARGES (CARTON) 330X163X172 MM","Order_Form_ID":"9620afe4e35627b0632446121cd8ca11"},{"Customer_Name":"E","Calendar_week":36,"Amount":64.0,"PickAndPay":1,"Revenue":34973.17,"Invoice_Date":"2017-09-06","Article_Number":"136481820","Article_Name":"NO-CRUSH-ROLLER 180X65X50","Order_Form_ID":"c7b7227471e88a45133dda577296bf79"},{"Customer_Name":"E","Calendar_week":36,"Amount":50.0,"PickAndPay":1,"Revenue":959.63,"Invoice_Date":"2017-09-06","Article_Number":"107254210","Article_Name":"FELT 46X35X10MM","Order_Form_ID":"c7b7227471e88a45133dda577296bf79"},{"Customer_Name":"E","Calendar_week":36,"Amount":10.0,"PickAndPay":1,"Revenue":54645.58,"Invoice_Date":"2017-09-06","Article_Number":"105303998","Article_Name":"DISC CUT KNIFE 240X1,2MM,28°","Order_Form_ID":"c7b7227471e88a45133dda577296bf79"},{"Customer_Name":"E","Calendar_week":36,"Amount":8.0,"PickAndPay":1,"Revenue":10747.74,"Invoice_Date":"2017-09-06","Article_Number":"105406991","Article_Name":"GRINDING WHEEL 50X11X19MM","Order_Form_ID":"c7b7227471e88a45133dda577296bf79"},{"Customer_Name":"E","Calendar_week":36,"Amount":5.0,"PickAndPay":1,"Revenue":9729.58,"Invoice_Date":"2017-09-06","Article_Number":"105337510","Article_Name":"PROFILED JOINT 20X25X637","Order_Form_ID":"c7b7227471e88a45133dda577296bf79"},{"Customer_Name":"E","Calendar_week":36,"Amount":5.0,"PickAndPay":1,"Revenue":395.72,"Invoice_Date":"2017-09-06","Article_Number":"113463300","Article_Name":"RUBBER SPONGE CORD D=15","Order_Form_ID":"c7b7227471e88a45133dda577296bf79"},{"Customer_Name":"E","Calendar_week":36,"Amount":5.0,"PickAndPay":1,"Revenue":1399.32,"Invoice_Date":"2017-09-06","Article_Number":"100868500","Article_Name":"RUBBER PROFILE 26X31, PACKING UNIT: 5M","Order_Form_ID":"c7b7227471e88a45133dda577296bf79"},{"Customer_Name":"E","Calendar_week":36,"Amount":1.0,"PickAndPay":1,"Revenue":2105.85,"Invoice_Date":"2017-09-06","Article_Number":"119826410","Article_Name":"STEAM HOSE 1\"X350MM","Order_Form_ID":"c7b7227471e88a45133dda577296bf79"},{"Customer_Name":"E","Calendar_week":36,"Amount":1.0,"PickAndPay":1,"Revenue":1412.79,"Invoice_Date":"2017-09-06","Article_Number":"109612522","Article_Name":"SEALING LEDGE 5,5X65X2965","Order_Form_ID":"c7b7227471e88a45133dda577296bf79"},{"Customer_Name":"E","Calendar_week":36,"Amount":1.0,"PickAndPay":1,"Revenue":29935.12,"Invoice_Date":"2017-09-06","Article_Number":"181300","Article_Name":"ROTARY STEAM JOINT R 1 1\/4\"","Order_Form_ID":"c7b7227471e88a45133dda577296bf79"},{"Customer_Name":"E","Calendar_week":36,"Amount":1.0,"PickAndPay":1,"Revenue":2505.7,"Invoice_Date":"2017-09-06","Article_Number":"100335702","Article_Name":"BACOMIN V42-50 UNIVERSAL 400ML","Order_Form_ID":"c7b7227471e88a45133dda577296bf79"},{"Customer_Name":"E","Calendar_week":36,"Amount":1.0,"PickAndPay":1,"Revenue":3651.92,"Invoice_Date":"2017-09-06","Article_Number":"199825800","Article_Name":"PERFLU V250 HIGH TEMP 800G 400ML","Order_Form_ID":"c7b7227471e88a45133dda577296bf79"},{"Customer_Name":"E","Calendar_week":36,"Amount":1.0,"PickAndPay":1,"Revenue":79.14,"Invoice_Date":"2017-09-06","Article_Number":"150343","Article_Name":"SEALING RING 38,0X46,0X2,0","Order_Form_ID":"c7b7227471e88a45133dda577296bf79"},{"Customer_Name":"E","Calendar_week":37,"Amount":1.0,"PickAndPay":0,"Revenue":19395.13,"Invoice_Date":"2017-09-14","Article_Number":"851002170","Article_Name":"COMPRESSED-AIR MOTOR","Order_Form_ID":"cefcad01c1d4be40f2da1e25349265ae"},{"Customer_Name":"E","Calendar_week":37,"Amount":1.0,"PickAndPay":0,"Revenue":197.86,"Invoice_Date":"2017-09-14","Article_Number":"110991000","Article_Name":"PACKING CHARGES (CARTON) 200X200X80","Order_Form_ID":"cefcad01c1d4be40f2da1e25349265ae"},{"Customer_Name":"E","Calendar_week":38,"Amount":1.0,"PickAndPay":0,"Revenue":77221.06,"Invoice_Date":"2017-09-18","Article_Number":"194858418","Article_Name":"FREQUENCY CONTROLLER 23,5A 11KW 320-550V","Order_Form_ID":"24f95eb10947fecbfd18eb1c1b4b3776"},{"Customer_Name":"E","Calendar_week":38,"Amount":1.0,"PickAndPay":0,"Revenue":7007.61,"Invoice_Date":"2017-09-18","Article_Number":"194858491","Article_Name":"FREQUENCY CONTROLLER E84AYCERV\/S","Order_Form_ID":"24f95eb10947fecbfd18eb1c1b4b3776"},{"Customer_Name":"E","Calendar_week":38,"Amount":1.0,"PickAndPay":0,"Revenue":1264.12,"Invoice_Date":"2017-09-18","Article_Number":"225997010","Article_Name":"PLUG 4POL","Order_Form_ID":"24f95eb10947fecbfd18eb1c1b4b3776"},{"Customer_Name":"E","Calendar_week":38,"Amount":1.0,"PickAndPay":0,"Revenue":69636.36,"Invoice_Date":"2017-09-18","Article_Number":"113016440","Article_Name":"THREE-PHASE MOTOR","Order_Form_ID":"24f95eb10947fecbfd18eb1c1b4b3776"},{"Customer_Name":"E","Calendar_week":38,"Amount":1.0,"PickAndPay":0,"Revenue":10182.74,"Invoice_Date":"2017-09-18","Article_Number":"P030FR001","Article_Name":"FREIGHT CHARGES","Order_Form_ID":"24f95eb10947fecbfd18eb1c1b4b3776"},{"Customer_Name":"E","Calendar_week":38,"Amount":1.0,"PickAndPay":0,"Revenue":5496.16,"Invoice_Date":"2017-09-18","Article_Number":"P030AC001","Article_Name":"ADDITIONAL COSTS","Order_Form_ID":"24f95eb10947fecbfd18eb1c1b4b3776"},{"Customer_Name":"E","Calendar_week":39,"Amount":1.0,"PickAndPay":1,"Revenue":1483.96,"Invoice_Date":"2017-09-25","Article_Number":"P030PA001","Article_Name":"PACKING","Order_Form_ID":"f2af2e86d589b24889796d80875f7914"},{"Customer_Name":"E","Calendar_week":39,"Amount":1.0,"PickAndPay":1,"Revenue":3066.86,"Invoice_Date":"2017-09-25","Article_Number":"P030FR001","Article_Name":"FREIGHT CHARGES","Order_Form_ID":"f2af2e86d589b24889796d80875f7914"},{"Customer_Name":"E","Calendar_week":39,"Amount":5.0,"PickAndPay":1,"Revenue":1442.74,"Invoice_Date":"2017-09-27","Article_Number":"100868500","Article_Name":"RUBBER PROFILE 26X31, PACKING UNIT: 5M","Order_Form_ID":"a816c905b158d3560db40459e92c127f"},{"Customer_Name":"E","Calendar_week":39,"Amount":5.0,"PickAndPay":1,"Revenue":408.09,"Invoice_Date":"2017-09-27","Article_Number":"113463300","Article_Name":"RUBBER SPONGE CORD D=15","Order_Form_ID":"a816c905b158d3560db40459e92c127f"},{"Customer_Name":"E","Calendar_week":39,"Amount":4.0,"PickAndPay":0,"Revenue":10789.79,"Invoice_Date":"2017-09-29","Article_Number":"150585400","Article_Name":"RADIAL BALL BEARING 95X120X13","Order_Form_ID":"40fb559229c14fa45ece4fdd679fe120"},{"Customer_Name":"E","Calendar_week":39,"Amount":3.0,"PickAndPay":0,"Revenue":2413.36,"Invoice_Date":"2017-09-29","Article_Number":"178021500","Article_Name":"HINGE 64X32,5X11X17","Order_Form_ID":"40fb559229c14fa45ece4fdd679fe120"},{"Customer_Name":"E","Calendar_week":39,"Amount":2.0,"PickAndPay":0,"Revenue":21503.46,"Invoice_Date":"2017-09-29","Article_Number":"201290602","Article_Name":"GAS TENSION SPRING D28\/H200\/F 250N","Order_Form_ID":"40fb559229c14fa45ece4fdd679fe120"},{"Customer_Name":"E","Calendar_week":39,"Amount":1.0,"PickAndPay":0,"Revenue":197.86,"Invoice_Date":"2017-09-29","Article_Number":"110991002","Article_Name":"PACKING CHARGES (CARTON) 300X300X200","Order_Form_ID":"40fb559229c14fa45ece4fdd679fe120"},{"Customer_Name":"E","Calendar_week":39,"Amount":16.0,"PickAndPay":1,"Revenue":8999.14,"Invoice_Date":"2017-09-29","Article_Number":"123052320","Article_Name":"NO-CRUSH-ROLLER 165X65X50","Order_Form_ID":"75c0e22901cd78071f5106015e76c37b"},{"Customer_Name":"E","Calendar_week":39,"Amount":200.0,"PickAndPay":1,"Revenue":3838.52,"Invoice_Date":"2017-09-29","Article_Number":"107254210","Article_Name":"FELT 46X35X10MM","Order_Form_ID":"75c0e22901cd78071f5106015e76c37b"},{"Customer_Name":"E","Calendar_week":39,"Amount":15.0,"PickAndPay":1,"Revenue":81968.37,"Invoice_Date":"2017-09-29","Article_Number":"105303998","Article_Name":"DISC CUT KNIFE 240X1,2MM,28°","Order_Form_ID":"75c0e22901cd78071f5106015e76c37b"},{"Customer_Name":"E","Calendar_week":39,"Amount":1.0,"PickAndPay":1,"Revenue":3092.14,"Invoice_Date":"2017-09-29","Article_Number":"105407210","Article_Name":"TOOTHED BELT 29,5X 8X 640","Order_Form_ID":"75c0e22901cd78071f5106015e76c37b"},{"Customer_Name":"E","Calendar_week":40,"Amount":1.0,"PickAndPay":1,"Revenue":197.86,"Invoice_Date":"2017-10-02","Article_Number":"P030PA001","Article_Name":"PACKING","Order_Form_ID":"dd1b7351a6296fe713502b21e9bed64b"},{"Customer_Name":"E","Calendar_week":40,"Amount":1.0,"PickAndPay":1,"Revenue":1085.77,"Invoice_Date":"2017-10-02","Article_Number":"P030FR001","Article_Name":"FREIGHT CHARGES","Order_Form_ID":"dd1b7351a6296fe713502b21e9bed64b"},{"Customer_Name":"E","Calendar_week":40,"Amount":1.0,"PickAndPay":0,"Revenue":16702.83,"Invoice_Date":"2017-10-08","Article_Number":"124352302","Article_Name":"TRANSMITTER 11-27 VDC","Order_Form_ID":"143ec8f19761e289e349eb58035a2465"},{"Customer_Name":"E","Calendar_week":40,"Amount":1.0,"PickAndPay":0,"Revenue":197.86,"Invoice_Date":"2017-10-08","Article_Number":"110991001","Article_Name":"PACKING CHARGES (CARTON) 200X200X150","Order_Form_ID":"143ec8f19761e289e349eb58035a2465"},{"Customer_Name":"E","Calendar_week":41,"Amount":1.0,"PickAndPay":1,"Revenue":334937.44,"Invoice_Date":"2017-10-12","Article_Number":"150337628","Article_Name":"PRESSURE BELT II-QUALITY 2860X 2930","Order_Form_ID":"c9a2299535e2c730c4f4e2e4ebe2207d"},{"Customer_Name":"E","Calendar_week":42,"Amount":1.0,"PickAndPay":1,"Revenue":3220.2,"Invoice_Date":"2017-10-17","Article_Number":"P030FR001","Article_Name":"FREIGHT CHARGES","Order_Form_ID":"e0de9c7fe4e673eabced0a22f5c2ffcc"},{"Customer_Name":"E","Calendar_week":42,"Amount":1.0,"PickAndPay":1,"Revenue":2473.27,"Invoice_Date":"2017-10-17","Article_Number":"P030PA001","Article_Name":"PACKING","Order_Form_ID":"e0de9c7fe4e673eabced0a22f5c2ffcc"},{"Customer_Name":"E","Calendar_week":42,"Amount":1.0,"PickAndPay":0,"Revenue":94510.89,"Invoice_Date":"2017-10-18","Article_Number":"154870500","Article_Name":"ROLL AB 2800","Order_Form_ID":"d921378bdb009175a9c747073afc46c8"},{"Customer_Name":"E","Calendar_week":42,"Amount":1.0,"PickAndPay":0,"Revenue":3957.24,"Invoice_Date":"2017-10-18","Article_Number":"V00000024","Article_Name":"PACKING CHARGES (BOX)","Order_Form_ID":"d921378bdb009175a9c747073afc46c8"},{"Customer_Name":"E","Calendar_week":43,"Amount":2.0,"PickAndPay":0,"Revenue":27854.0,"Invoice_Date":"2017-10-24","Article_Number":"109649601","Article_Name":"MEASURING WHEEL 158,8\/15X50","Order_Form_ID":"541f9b95edaf9a85ecbcf85d38df6d4b"},{"Customer_Name":"E","Calendar_week":43,"Amount":2.0,"PickAndPay":0,"Revenue":561.98,"Invoice_Date":"2017-10-24","Article_Number":"108579700","Article_Name":"BUSH D17XD12XL=12","Order_Form_ID":"541f9b95edaf9a85ecbcf85d38df6d4b"},{"Customer_Name":"E","Calendar_week":43,"Amount":2.0,"PickAndPay":0,"Revenue":106.35,"Invoice_Date":"2017-10-24","Article_Number":"138002","Article_Name":"SEEGER CIRCLIP RING 12X1,0","Order_Form_ID":"541f9b95edaf9a85ecbcf85d38df6d4b"},{"Customer_Name":"E","Calendar_week":43,"Amount":2.0,"PickAndPay":0,"Revenue":40.4,"Invoice_Date":"2017-10-24","Article_Number":"101519700","Article_Name":"KEY A  5X 5X 22","Order_Form_ID":"541f9b95edaf9a85ecbcf85d38df6d4b"},{"Customer_Name":"E","Calendar_week":43,"Amount":1.0,"PickAndPay":0,"Revenue":5104.83,"Invoice_Date":"2017-10-24","Article_Number":"500372","Article_Name":"BEARING COVER 70\/40\/35X8","Order_Form_ID":"541f9b95edaf9a85ecbcf85d38df6d4b"},{"Customer_Name":"E","Calendar_week":43,"Amount":4.0,"PickAndPay":0,"Revenue":1121.77,"Invoice_Date":"2017-10-24","Article_Number":"108579600","Article_Name":"DISK 25X10","Order_Form_ID":"541f9b95edaf9a85ecbcf85d38df6d4b"},{"Customer_Name":"E","Calendar_week":43,"Amount":4.0,"PickAndPay":0,"Revenue":79.42,"Invoice_Date":"2017-10-24","Article_Number":"138005","Article_Name":"SEEGER CIRCLIP RING 15X1,0","Order_Form_ID":"541f9b95edaf9a85ecbcf85d38df6d4b"},{"Customer_Name":"E","Calendar_week":43,"Amount":1.0,"PickAndPay":0,"Revenue":6317.29,"Invoice_Date":"2017-10-24","Article_Number":"110918602","Article_Name":"SHAFT FOR MEASURING WHEEL RD20X227","Order_Form_ID":"541f9b95edaf9a85ecbcf85d38df6d4b"},{"Customer_Name":"E","Calendar_week":43,"Amount":1.0,"PickAndPay":0,"Revenue":2804.97,"Invoice_Date":"2017-10-24","Article_Number":"102675800","Article_Name":"COUPLING 8\/10MM","Order_Form_ID":"541f9b95edaf9a85ecbcf85d38df6d4b"},{"Customer_Name":"E","Calendar_week":43,"Amount":1.0,"PickAndPay":0,"Revenue":6893.29,"Invoice_Date":"2017-10-24","Article_Number":"100294101","Article_Name":"BUSH RD120X53","Order_Form_ID":"541f9b95edaf9a85ecbcf85d38df6d4b"},{"Customer_Name":"E","Calendar_week":43,"Amount":2.0,"PickAndPay":0,"Revenue":829.1,"Invoice_Date":"2017-10-24","Article_Number":"254676000","Article_Name":"RADIAL BALL BEARING 17X40X12","Order_Form_ID":"541f9b95edaf9a85ecbcf85d38df6d4b"},{"Customer_Name":"E","Calendar_week":43,"Amount":1.0,"PickAndPay":0,"Revenue":1801.92,"Invoice_Date":"2017-10-24","Article_Number":"506203","Article_Name":"BEARING COVER 85\/35X12X3","Order_Form_ID":"541f9b95edaf9a85ecbcf85d38df6d4b"},{"Customer_Name":"E","Calendar_week":43,"Amount":1.0,"PickAndPay":0,"Revenue":197.86,"Invoice_Date":"2017-10-24","Article_Number":"110991002","Article_Name":"PACKING CHARGES (CARTON) 300X300X200","Order_Form_ID":"541f9b95edaf9a85ecbcf85d38df6d4b"},{"Customer_Name":"E","Calendar_week":46,"Amount":1.0,"PickAndPay":0,"Revenue":28953.5,"Invoice_Date":"2017-11-15","Article_Number":"131139501","Article_Name":"HOSE REEL ID 9.6","Order_Form_ID":"7fcbd98119e786140522adb0486dca7b"},{"Customer_Name":"E","Calendar_week":46,"Amount":1.0,"PickAndPay":0,"Revenue":1227.02,"Invoice_Date":"2017-11-15","Article_Number":"107682413","Article_Name":"DISC","Order_Form_ID":"7fcbd98119e786140522adb0486dca7b"},{"Customer_Name":"E","Calendar_week":46,"Amount":26.0,"PickAndPay":0,"Revenue":5670.66,"Invoice_Date":"2017-11-15","Article_Number":"103101020","Article_Name":"PLASTIC PLATE 60X8X180","Order_Form_ID":"7fcbd98119e786140522adb0486dca7b"},{"Customer_Name":"E","Calendar_week":46,"Amount":1.0,"PickAndPay":0,"Revenue":1273.74,"Invoice_Date":"2017-11-15","Article_Number":"601135","Article_Name":"GLUE 1PC=1L","Order_Form_ID":"7fcbd98119e786140522adb0486dca7b"},{"Customer_Name":"E","Calendar_week":46,"Amount":1.0,"PickAndPay":0,"Revenue":1126.71,"Invoice_Date":"2017-11-15","Article_Number":"110680400","Article_Name":"PACKING CHARGES (PAL-BOX I) 830X580X680","Order_Form_ID":"7fcbd98119e786140522adb0486dca7b"},{"Customer_Name":"E","Calendar_week":46,"Amount":250.0,"PickAndPay":1,"Revenue":4798.15,"Invoice_Date":"2017-11-15","Article_Number":"107254210","Article_Name":"FELT 46X35X10MM","Order_Form_ID":"68444f5560d85f85b3c40392e2be6889"},{"Customer_Name":"E","Calendar_week":46,"Amount":8.0,"PickAndPay":1,"Revenue":43716.47,"Invoice_Date":"2017-11-15","Article_Number":"105303998","Article_Name":"DISC CUT KNIFE 240X1,2MM,28°","Order_Form_ID":"68444f5560d85f85b3c40392e2be6889"},{"Customer_Name":"E","Calendar_week":46,"Amount":2.0,"PickAndPay":1,"Revenue":5597.84,"Invoice_Date":"2017-11-15","Article_Number":"111125303","Article_Name":"GLUE DAM JOINT 3X260X220","Order_Form_ID":"68444f5560d85f85b3c40392e2be6889"},{"Customer_Name":"E","Calendar_week":46,"Amount":1.0,"PickAndPay":1,"Revenue":1626.04,"Invoice_Date":"2017-11-15","Article_Number":"111125199","Article_Name":"GLUE DAM JOINT 3X128X197","Order_Form_ID":"68444f5560d85f85b3c40392e2be6889"},{"Customer_Name":"E","Calendar_week":46,"Amount":1.0,"PickAndPay":1,"Revenue":1626.04,"Invoice_Date":"2017-11-15","Article_Number":"111125198","Article_Name":"GLUE DAM JOINT 3X128X197","Order_Form_ID":"68444f5560d85f85b3c40392e2be6889"},{"Customer_Name":"E","Calendar_week":46,"Amount":2.0,"PickAndPay":1,"Revenue":147196.54,"Invoice_Date":"2017-11-15","Article_Number":"109888054","Article_Name":"KNIFE 2840X30X8 AB2800","Order_Form_ID":"68444f5560d85f85b3c40392e2be6889"},{"Customer_Name":"E","Calendar_week":47,"Amount":1.0,"PickAndPay":0,"Revenue":51526.51,"Invoice_Date":"2017-11-21","Article_Number":"BSP3000012","Article_Name":"Spare Part Repair","Order_Form_ID":"427953c09cd17e0f3e6b08760545caf3"},{"Customer_Name":"E","Calendar_week":47,"Amount":1.0,"PickAndPay":0,"Revenue":615.84,"Invoice_Date":"2017-11-21","Article_Number":"P030FR001","Article_Name":"FREIGHT CHARGES","Order_Form_ID":"427953c09cd17e0f3e6b08760545caf3"},{"Customer_Name":"E","Calendar_week":47,"Amount":1.0,"PickAndPay":1,"Revenue":1566.41,"Invoice_Date":"2017-11-21","Article_Number":"P030PA001","Article_Name":"PACKING","Order_Form_ID":"ebd18f08040edb26cdc3e5969d9ad76d"},{"Customer_Name":"E","Calendar_week":47,"Amount":1.0,"PickAndPay":1,"Revenue":2219.35,"Invoice_Date":"2017-11-21","Article_Number":"P030FR001","Article_Name":"FREIGHT CHARGES","Order_Form_ID":"ebd18f08040edb26cdc3e5969d9ad76d"},{"Customer_Name":"E","Calendar_week":47,"Amount":2.0,"PickAndPay":1,"Revenue":7303.85,"Invoice_Date":"2017-11-23","Article_Number":"199825800","Article_Name":"PERFLU V250 HIGH TEMP 800G 400ML","Order_Form_ID":"d984e09cb91e0cfae685b588c9e0e81b"},{"Customer_Name":"E","Calendar_week":47,"Amount":8.0,"PickAndPay":0,"Revenue":6602.54,"Invoice_Date":"2017-11-24","Article_Number":"553632","Article_Name":"SEALING ELEMENT 5X80X40X2","Order_Form_ID":"9755b130db76ed6b97fbd197fee1d42c"},{"Customer_Name":"E","Calendar_week":47,"Amount":1.0,"PickAndPay":0,"Revenue":1864.85,"Invoice_Date":"2017-11-24","Article_Number":"553372","Article_Name":"FLAT SPRING 9.5X24X239","Order_Form_ID":"9755b130db76ed6b97fbd197fee1d42c"},{"Customer_Name":"E","Calendar_week":47,"Amount":6.0,"PickAndPay":0,"Revenue":10461.94,"Invoice_Date":"2017-11-24","Article_Number":"108049306","Article_Name":"SET OF SEALS 10X113X122","Order_Form_ID":"9755b130db76ed6b97fbd197fee1d42c"},{"Customer_Name":"E","Calendar_week":47,"Amount":1.0,"PickAndPay":0,"Revenue":197.86,"Invoice_Date":"2017-11-24","Article_Number":"118308700","Article_Name":"PACKING CHARGES (CARTON) 330X163X172 MM","Order_Form_ID":"9755b130db76ed6b97fbd197fee1d42c"},{"Customer_Name":"E","Calendar_week":48,"Amount":7.0,"PickAndPay":0,"Revenue":13224.31,"Invoice_Date":"2017-11-28","Article_Number":"553372","Article_Name":"FLAT SPRING 9.5X24X239","Order_Form_ID":"b890ee53ddd5634cc4043ce916c2a5e5"},{"Customer_Name":"E","Calendar_week":48,"Amount":1.0,"PickAndPay":0,"Revenue":197.86,"Invoice_Date":"2017-11-28","Article_Number":"110991000","Article_Name":"PACKING CHARGES (CARTON) 200X200X80","Order_Form_ID":"b890ee53ddd5634cc4043ce916c2a5e5"},{"Customer_Name":"E","Calendar_week":48,"Amount":1.0,"PickAndPay":1,"Revenue":335.82,"Invoice_Date":"2017-11-29","Article_Number":"P030FR001","Article_Name":"FREIGHT CHARGES","Order_Form_ID":"6d94afc3e23a8bf643f32ead8afaa1dd"},{"Customer_Name":"E","Calendar_week":48,"Amount":1.0,"PickAndPay":1,"Revenue":197.86,"Invoice_Date":"2017-11-29","Article_Number":"P030PA001","Article_Name":"PACKING","Order_Form_ID":"6d94afc3e23a8bf643f32ead8afaa1dd"},{"Customer_Name":"E","Calendar_week":48,"Amount":20.0,"PickAndPay":1,"Revenue":41050.83,"Invoice_Date":"2017-11-30","Article_Number":"123428001","Article_Name":"ROLL 125\/95X70","Order_Form_ID":"b0d3b7861d928afd26c3848abc645ce6"},{"Customer_Name":"E","Calendar_week":48,"Amount":1.0,"PickAndPay":1,"Revenue":1172.88,"Invoice_Date":"2017-11-30","Article_Number":"184298.08","Article_Name":"SCRAPER BLADE 2865X50X0,8 MM","Order_Form_ID":"b0d3b7861d928afd26c3848abc645ce6"},{"Customer_Name":"E","Calendar_week":48,"Amount":100.0,"PickAndPay":1,"Revenue":1919.26,"Invoice_Date":"2017-11-30","Article_Number":"107254210","Article_Name":"FELT 46X35X10MM","Order_Form_ID":"b0d3b7861d928afd26c3848abc645ce6"},{"Customer_Name":"E","Calendar_week":48,"Amount":4.0,"PickAndPay":1,"Revenue":21858.23,"Invoice_Date":"2017-11-30","Article_Number":"105303998","Article_Name":"DISC CUT KNIFE 240X1,2MM,28°","Order_Form_ID":"b0d3b7861d928afd26c3848abc645ce6"},{"Customer_Name":"E","Calendar_week":48,"Amount":28.0,"PickAndPay":1,"Revenue":15300.76,"Invoice_Date":"2017-11-30","Article_Number":"136481820","Article_Name":"NO-CRUSH-ROLLER 180X65X50","Order_Form_ID":"b0d3b7861d928afd26c3848abc645ce6"},{"Customer_Name":"E","Calendar_week":48,"Amount":4.0,"PickAndPay":1,"Revenue":14607.7,"Invoice_Date":"2017-11-30","Article_Number":"199825800","Article_Name":"PERFLU V250 HIGH TEMP 800G 400ML","Order_Form_ID":"b0d3b7861d928afd26c3848abc645ce6"},{"Customer_Name":"E","Calendar_week":48,"Amount":1.0,"PickAndPay":1,"Revenue":2098.71,"Invoice_Date":"2017-12-01","Article_Number":"P030FR001","Article_Name":"FREIGHT CHARGES","Order_Form_ID":"1942ed1b22fc17b2c42cff424f1c5345"},{"Customer_Name":"E","Calendar_week":48,"Amount":1.0,"PickAndPay":1,"Revenue":1099.23,"Invoice_Date":"2017-12-01","Article_Number":"P030PA001","Article_Name":"PACKING","Order_Form_ID":"1942ed1b22fc17b2c42cff424f1c5345"},{"Customer_Name":"E","Calendar_week":50,"Amount":1.0,"PickAndPay":0,"Revenue":87938.58,"Invoice_Date":"2017-12-11","Article_Number":"P030LF002","Article_Name":"COMMITMENT CHARGE","Order_Form_ID":"5c69269f392e2c87f9ebe64cea9ef886"},{"Customer_Name":"E","Calendar_week":50,"Amount":1.0,"PickAndPay":0,"Revenue":43969.29,"Invoice_Date":"2017-12-11","Article_Number":"P030LF001","Article_Name":"LENDING FEE","Order_Form_ID":"5c69269f392e2c87f9ebe64cea9ef886"},{"Customer_Name":"E","Calendar_week":50,"Amount":1.0,"PickAndPay":0,"Revenue":880.49,"Invoice_Date":"2017-12-11","Article_Number":"P030FR001","Article_Name":"FREIGHT CHARGES","Order_Form_ID":"5c69269f392e2c87f9ebe64cea9ef886"},{"Customer_Name":"E","Calendar_week":50,"Amount":1.0,"PickAndPay":0,"Revenue":197.86,"Invoice_Date":"2017-12-11","Article_Number":"P030PA001","Article_Name":"PACKING","Order_Form_ID":"5c69269f392e2c87f9ebe64cea9ef886"},{"Customer_Name":"E","Calendar_week":50,"Amount":1.0,"PickAndPay":1,"Revenue":34200.14,"Invoice_Date":"2017-12-12","Article_Number":"102385500","Article_Name":"ROTARY STEAM JOINT","Order_Form_ID":"86f1fc92478d66677f232874e62a3689"},{"Customer_Name":"E","Calendar_week":50,"Amount":1.0,"PickAndPay":1,"Revenue":2505.7,"Invoice_Date":"2017-12-12","Article_Number":"100335702","Article_Name":"BACOMIN V42-50 UNIVERSAL 400ML","Order_Form_ID":"86f1fc92478d66677f232874e62a3689"},{"Customer_Name":"E","Calendar_week":50,"Amount":5.0,"PickAndPay":1,"Revenue":27322.79,"Invoice_Date":"2017-12-12","Article_Number":"105303998","Article_Name":"DISC CUT KNIFE 240X1,2MM,28°","Order_Form_ID":"86f1fc92478d66677f232874e62a3689"},{"Customer_Name":"E","Calendar_week":50,"Amount":1.0,"PickAndPay":1,"Revenue":1519.41,"Invoice_Date":"2017-12-12","Article_Number":"163270928","Article_Name":"SCRAPER BLADE CORRUDUR® 2850X50X1,5","Order_Form_ID":"86f1fc92478d66677f232874e62a3689"},{"Customer_Name":"E","Calendar_week":50,"Amount":1.0,"PickAndPay":1,"Revenue":79.14,"Invoice_Date":"2017-12-12","Article_Number":"113878200","Article_Name":"FLAT PACKING 42X56X2","Order_Form_ID":"86f1fc92478d66677f232874e62a3689"},{"Customer_Name":"E","Calendar_week":50,"Amount":2.0,"PickAndPay":1,"Revenue":559.78,"Invoice_Date":"2017-12-12","Article_Number":"112568000","Article_Name":"PROFILED JOINT D6  X120","Order_Form_ID":"86f1fc92478d66677f232874e62a3689"},{"Customer_Name":"E","Calendar_week":50,"Amount":2.0,"PickAndPay":1,"Revenue":158.29,"Invoice_Date":"2017-12-12","Article_Number":"150343","Article_Name":"SEALING RING 38,0X46,0X2,0","Order_Form_ID":"86f1fc92478d66677f232874e62a3689"},{"Customer_Name":"E","Calendar_week":50,"Amount":40.0,"PickAndPay":1,"Revenue":21858.23,"Invoice_Date":"2017-12-12","Article_Number":"136481820","Article_Name":"NO-CRUSH-ROLLER 180X65X50","Order_Form_ID":"4ce8930fb31dc491a3efde3a92fe903b"},{"Customer_Name":"E","Calendar_week":51,"Amount":3.0,"PickAndPay":0,"Revenue":8368.46,"Invoice_Date":"2017-12-21","Article_Number":"111657801","Article_Name":"LOCKING NIPPLE NW=6;3\/8\"I-GEW.","Order_Form_ID":"bcc710cf6876755d2e60c2de60d6e174"},{"Customer_Name":"E","Calendar_week":51,"Amount":3.0,"PickAndPay":0,"Revenue":14278.75,"Invoice_Date":"2017-12-21","Article_Number":"111657501","Article_Name":"LOCKING COUPLING NW=6 3\/8\"I-GEW.","Order_Form_ID":"bcc710cf6876755d2e60c2de60d6e174"},{"Customer_Name":"E","Calendar_week":51,"Amount":1.0,"PickAndPay":0,"Revenue":197.86,"Invoice_Date":"2017-12-21","Article_Number":"110991000","Article_Name":"PACKING CHARGES (CARTON) 200X200X80","Order_Form_ID":"bcc710cf6876755d2e60c2de60d6e174"},{"Customer_Name":"E","Calendar_week":52,"Amount":7.0,"PickAndPay":1,"Revenue":9404.48,"Invoice_Date":"2017-12-29","Article_Number":"105406991","Article_Name":"GRINDING WHEEL 50X11X19MM","Order_Form_ID":"190de32b4a24ca2b3c34c41100e99319"},{"Customer_Name":"E","Calendar_week":52,"Amount":11.0,"PickAndPay":1,"Revenue":22577.96,"Invoice_Date":"2017-12-29","Article_Number":"123428001","Article_Name":"ROLL 125\/95X70","Order_Form_ID":"190de32b4a24ca2b3c34c41100e99319"},{"Customer_Name":"E","Calendar_week":52,"Amount":32.0,"PickAndPay":1,"Revenue":17998.28,"Invoice_Date":"2017-12-29","Article_Number":"123052310","Article_Name":"NO-CRUSH-ROLLER 165X65X50","Order_Form_ID":"190de32b4a24ca2b3c34c41100e99319"},{"Customer_Name":"E","Calendar_week":52,"Amount":64.0,"PickAndPay":1,"Revenue":34973.17,"Invoice_Date":"2017-12-29","Article_Number":"136481820","Article_Name":"NO-CRUSH-ROLLER 180X65X50","Order_Form_ID":"190de32b4a24ca2b3c34c41100e99319"},{"Customer_Name":"E","Calendar_week":52,"Amount":100.0,"PickAndPay":1,"Revenue":1919.26,"Invoice_Date":"2017-12-29","Article_Number":"107254210","Article_Name":"FELT 46X35X10MM","Order_Form_ID":"190de32b4a24ca2b3c34c41100e99319"},{"Customer_Name":"E","Calendar_week":1,"Amount":2.0,"PickAndPay":0,"Revenue":20451.77,"Invoice_Date":"2018-01-02","Article_Number":"125357890","Article_Name":"4\/2 WAY SOLENOID VALVE G1\/8,3-10 BAR - 2","Order_Form_ID":"9674bd475fcc3165be3f93ae91234ad6"},{"Customer_Name":"E","Calendar_week":1,"Amount":1.0,"PickAndPay":0,"Revenue":197.86,"Invoice_Date":"2018-01-02","Article_Number":"110991001","Article_Name":"PACKING CHARGES (CARTON) 200X200X150","Order_Form_ID":"9674bd475fcc3165be3f93ae91234ad6"},{"Customer_Name":"E","Calendar_week":1,"Amount":1.0,"PickAndPay":1,"Revenue":2920.11,"Invoice_Date":"2018-01-03","Article_Number":"P030FR001","Article_Name":"FREIGHT CHARGES","Order_Form_ID":"460203e6467a89e58f8aab20c7bf9b7a"},{"Customer_Name":"E","Calendar_week":1,"Amount":1.0,"PickAndPay":1,"Revenue":1099.23,"Invoice_Date":"2018-01-03","Article_Number":"P030PA001","Article_Name":"PACKING","Order_Form_ID":"460203e6467a89e58f8aab20c7bf9b7a"},{"Customer_Name":"E","Calendar_week":52,"Amount":-1.0,"PickAndPay":0,"Revenue":-562733.81,"Invoice_Date":"2017-12-31","Article_Number":"P030BO001","Article_Name":"BONUS","Order_Form_ID":"02f4b73c8924cf802e60e43aedb27d2f"},{"Customer_Name":"E","Calendar_week":1,"Amount":2.0,"PickAndPay":0,"Revenue":10009.06,"Invoice_Date":"2018-01-05","Article_Number":"111657501","Article_Name":"LOCKING COUPLING NW=6 3\/8\"I-GEW.","Order_Form_ID":"75d32a5780f4185d5e0dac8a586c4e3c"},{"Customer_Name":"E","Calendar_week":1,"Amount":1.0,"PickAndPay":0,"Revenue":197.86,"Invoice_Date":"2018-01-05","Article_Number":"110991000","Article_Name":"PACKING CHARGES (CARTON) 200X200X80","Order_Form_ID":"75d32a5780f4185d5e0dac8a586c4e3c"},{"Customer_Name":"E","Calendar_week":2,"Amount":1.0,"PickAndPay":0,"Revenue":23000.06,"Invoice_Date":"2018-01-09","Article_Number":"148765630","Article_Name":"HYDRAULIC CYLINDER 50X380-R1\/4\"","Order_Form_ID":"bb5c6f5ae5052da2bd7fb826eef24a4a"},{"Customer_Name":"E","Calendar_week":2,"Amount":1.0,"PickAndPay":0,"Revenue":197.86,"Invoice_Date":"2018-01-09","Article_Number":"110991006","Article_Name":"PACKING CHARGES (CARTON) 700X200X200","Order_Form_ID":"bb5c6f5ae5052da2bd7fb826eef24a4a"},{"Customer_Name":"E","Calendar_week":3,"Amount":1.0,"PickAndPay":1,"Revenue":335.82,"Invoice_Date":"2018-01-15","Article_Number":"P030FR001","Article_Name":"FREIGHT CHARGES","Order_Form_ID":"55d31d0e0f12b16f1d9318e1fd440266"},{"Customer_Name":"E","Calendar_week":3,"Amount":1.0,"PickAndPay":1,"Revenue":197.86,"Invoice_Date":"2018-01-15","Article_Number":"P030PA001","Article_Name":"PACKING","Order_Form_ID":"55d31d0e0f12b16f1d9318e1fd440266"},{"Customer_Name":"E","Calendar_week":3,"Amount":40.0,"PickAndPay":0,"Revenue":11151.44,"Invoice_Date":"2018-01-17","Article_Number":"106606302","Article_Name":"AXLE RD16X126","Order_Form_ID":"7a38279c4d031b6fa24a0de6f719e8e2"},{"Customer_Name":"E","Calendar_week":3,"Amount":40.0,"PickAndPay":0,"Revenue":792.82,"Invoice_Date":"2018-01-17","Article_Number":"119012","Article_Name":"THREADED PIN M8X10","Order_Form_ID":"7a38279c4d031b6fa24a0de6f719e8e2"},{"Customer_Name":"E","Calendar_week":3,"Amount":20.0,"PickAndPay":0,"Revenue":5827.58,"Invoice_Date":"2018-01-17","Article_Number":"106605901","Article_Name":"SUPPORT FL.30X25X76LG","Order_Form_ID":"7a38279c4d031b6fa24a0de6f719e8e2"},{"Customer_Name":"E","Calendar_week":3,"Amount":1.0,"PickAndPay":0,"Revenue":197.86,"Invoice_Date":"2018-01-17","Article_Number":"118308700","Article_Name":"PACKING CHARGES (CARTON) 330X163X172 MM","Order_Form_ID":"7a38279c4d031b6fa24a0de6f719e8e2"},{"Customer_Name":"E","Calendar_week":4,"Amount":1.0,"PickAndPay":0,"Revenue":59582.23,"Invoice_Date":"2018-01-24","Article_Number":"121010680","Article_Name":"ROTARY STEAM JOINT","Order_Form_ID":"3ca6d376a987fe46c911dbde50e14ff0"},{"Customer_Name":"E","Calendar_week":4,"Amount":1.0,"PickAndPay":0,"Revenue":197.86,"Invoice_Date":"2018-01-24","Article_Number":"110991003","Article_Name":"PACKING CHARGES (CARTON) 360X360X250","Order_Form_ID":"3ca6d376a987fe46c911dbde50e14ff0"},{"Customer_Name":"E","Calendar_week":5,"Amount":1.0,"PickAndPay":1,"Revenue":2505.7,"Invoice_Date":"2018-02-01","Article_Number":"100335702","Article_Name":"BACOMIN V42-50 UNIVERSAL 400ML","Order_Form_ID":"7481f7be5d39fd57a231256ba27c3762"},{"Customer_Name":"E","Calendar_week":5,"Amount":100.0,"PickAndPay":1,"Revenue":1919.26,"Invoice_Date":"2018-02-01","Article_Number":"107254210","Article_Name":"FELT 46X35X10MM","Order_Form_ID":"7481f7be5d39fd57a231256ba27c3762"},{"Customer_Name":"E","Calendar_week":5,"Amount":1.0,"PickAndPay":1,"Revenue":1519.41,"Invoice_Date":"2018-02-01","Article_Number":"163270928","Article_Name":"SCRAPER BLADE CORRUDUR® 2850X50X1,5","Order_Form_ID":"7481f7be5d39fd57a231256ba27c3762"},{"Customer_Name":"E","Calendar_week":5,"Amount":8.0,"PickAndPay":1,"Revenue":43716.47,"Invoice_Date":"2018-02-01","Article_Number":"105303998","Article_Name":"DISC CUT KNIFE 240X1,2MM,28°","Order_Form_ID":"7481f7be5d39fd57a231256ba27c3762"},{"Customer_Name":"E","Calendar_week":5,"Amount":4.0,"PickAndPay":1,"Revenue":296.52,"Invoice_Date":"2018-02-01","Article_Number":"106606921","Article_Name":"CLEAN-OUT FINGER BL1.0X98X90LG","Order_Form_ID":"7481f7be5d39fd57a231256ba27c3762"},{"Customer_Name":"E","Calendar_week":5,"Amount":4.0,"PickAndPay":1,"Revenue":14607.7,"Invoice_Date":"2018-02-01","Article_Number":"199825800","Article_Name":"PERFLU V250 HIGH TEMP 800G 400ML","Order_Form_ID":"7481f7be5d39fd57a231256ba27c3762"},{"Customer_Name":"E","Calendar_week":5,"Amount":2.0,"PickAndPay":1,"Revenue":6184.28,"Invoice_Date":"2018-02-01","Article_Number":"105407210","Article_Name":"TOOTHED BELT 29,5X 8X 640","Order_Form_ID":"7481f7be5d39fd57a231256ba27c3762"},{"Customer_Name":"E","Calendar_week":6,"Amount":1.0,"PickAndPay":0,"Revenue":10718.61,"Invoice_Date":"2018-02-05","Article_Number":"231270500","Article_Name":"SIPHON TUBE 452X59,5","Order_Form_ID":"b8f72d3a41fa5910fde5d03c90f5da75"},{"Customer_Name":"E","Calendar_week":6,"Amount":1.0,"PickAndPay":0,"Revenue":197.86,"Invoice_Date":"2018-02-05","Article_Number":"110991004","Article_Name":"PACKING CHARGES (CARTON) 610X410X230","Order_Form_ID":"b8f72d3a41fa5910fde5d03c90f5da75"},{"Customer_Name":"E","Calendar_week":6,"Amount":1.0,"PickAndPay":1,"Revenue":615.84,"Invoice_Date":"2018-02-07","Article_Number":"P030FR001","Article_Name":"FREIGHT CHARGES","Order_Form_ID":"3f3141b49d670e8dd6c2e558e521a0aa"},{"Customer_Name":"E","Calendar_week":6,"Amount":1.0,"PickAndPay":1,"Revenue":197.86,"Invoice_Date":"2018-02-07","Article_Number":"P030PA001","Article_Name":"PACKING","Order_Form_ID":"3f3141b49d670e8dd6c2e558e521a0aa"},{"Customer_Name":"E","Calendar_week":6,"Amount":2.0,"PickAndPay":0,"Revenue":83623.82,"Invoice_Date":"2018-02-09","Article_Number":"115168420","Article_Name":"HYDRAULIC CYLINDER 50X50-R1\/2\"","Order_Form_ID":"da627dced8f34e38b60491cafea2622c"},{"Customer_Name":"E","Calendar_week":6,"Amount":1.0,"PickAndPay":0,"Revenue":197.86,"Invoice_Date":"2018-02-09","Article_Number":"110991002","Article_Name":"PACKING CHARGES (CARTON) 300X300X200","Order_Form_ID":"da627dced8f34e38b60491cafea2622c"},{"Customer_Name":"E","Calendar_week":7,"Amount":40.0,"PickAndPay":0,"Revenue":11212.44,"Invoice_Date":"2018-02-14","Article_Number":"106606302","Article_Name":"AXLE RD16X126","Order_Form_ID":"6bc3c48a48e64da07830ad8afbc94c41"},{"Customer_Name":"E","Calendar_week":7,"Amount":40.0,"PickAndPay":0,"Revenue":793.37,"Invoice_Date":"2018-02-14","Article_Number":"119012","Article_Name":"THREADED PIN M8X10","Order_Form_ID":"6bc3c48a48e64da07830ad8afbc94c41"},{"Customer_Name":"E","Calendar_week":7,"Amount":1.0,"PickAndPay":0,"Revenue":197.86,"Invoice_Date":"2018-02-14","Article_Number":"118308700","Article_Name":"PACKING CHARGES (CARTON) 330X163X172 MM","Order_Form_ID":"6bc3c48a48e64da07830ad8afbc94c41"},{"Customer_Name":"E","Calendar_week":7,"Amount":4.0,"PickAndPay":0,"Revenue":5870.45,"Invoice_Date":"2018-02-14","Article_Number":"155448002","Article_Name":"BHS-ACTIVE DECALCER 2,5L","Order_Form_ID":"ec1e3e5539de3f35e83f41d1f9ce92cd"},{"Customer_Name":"E","Calendar_week":7,"Amount":1.0,"PickAndPay":0,"Revenue":197.86,"Invoice_Date":"2018-02-14","Article_Number":"110991003","Article_Name":"PACKING CHARGES (CARTON) 360X360X250","Order_Form_ID":"ec1e3e5539de3f35e83f41d1f9ce92cd"},{"Customer_Name":"E","Calendar_week":8,"Amount":1.0,"PickAndPay":0,"Revenue":13657.96,"Invoice_Date":"2018-02-21","Article_Number":"182608702","Article_Name":"PRESSURE CONTROL VALVE G1\/4 - QN1000","Order_Form_ID":"3484f12119a5c0eacdb78ca24ed387fa"},{"Customer_Name":"E","Calendar_week":8,"Amount":1.0,"PickAndPay":0,"Revenue":10183.01,"Invoice_Date":"2018-02-21","Article_Number":"P030FR001","Article_Name":"FREIGHT CHARGES","Order_Form_ID":"3484f12119a5c0eacdb78ca24ed387fa"},{"Customer_Name":"E","Calendar_week":9,"Amount":1.0,"PickAndPay":1,"Revenue":69249.43,"Invoice_Date":"2018-03-01","Article_Number":"BSP3000100","Article_Name":"PICK&PAY","Order_Form_ID":"970c00a3f120ed879636d14be456ecad"},{"Customer_Name":"E","Calendar_week":9,"Amount":1.0,"PickAndPay":1,"Revenue":58910.6,"Invoice_Date":"2018-03-01","Article_Number":"121010680","Article_Name":"ROTARY STEAM JOINT","Order_Form_ID":"d1ac6a38667ace0f0e844e05c1d52f4b"},{"Customer_Name":"E","Calendar_week":9,"Amount":1.0,"PickAndPay":1,"Revenue":2505.7,"Invoice_Date":"2018-03-01","Article_Number":"100335702","Article_Name":"BACOMIN V42-50 UNIVERSAL 400ML","Order_Form_ID":"d1ac6a38667ace0f0e844e05c1d52f4b"},{"Customer_Name":"E","Calendar_week":9,"Amount":3.0,"PickAndPay":1,"Revenue":1255.6,"Invoice_Date":"2018-03-01","Article_Number":"114519400","Article_Name":"SUPPORT RING SG38.8X45X1.4G","Order_Form_ID":"d1ac6a38667ace0f0e844e05c1d52f4b"},{"Customer_Name":"E","Calendar_week":9,"Amount":150.0,"PickAndPay":1,"Revenue":2878.89,"Invoice_Date":"2018-03-01","Article_Number":"107254210","Article_Name":"FELT 46X35X10MM","Order_Form_ID":"d1ac6a38667ace0f0e844e05c1d52f4b"},{"Customer_Name":"E","Calendar_week":9,"Amount":12.0,"PickAndPay":1,"Revenue":65574.7,"Invoice_Date":"2018-03-01","Article_Number":"105303998","Article_Name":"DISC CUT KNIFE 240X1,2MM,28°","Order_Form_ID":"d1ac6a38667ace0f0e844e05c1d52f4b"},{"Customer_Name":"E","Calendar_week":9,"Amount":2.0,"PickAndPay":1,"Revenue":842.29,"Invoice_Date":"2018-03-01","Article_Number":"131672130","Article_Name":"O-RING 37,69X3,53","Order_Form_ID":"d1ac6a38667ace0f0e844e05c1d52f4b"},{"Customer_Name":"E","Calendar_week":9,"Amount":3.0,"PickAndPay":1,"Revenue":115.14,"Invoice_Date":"2018-03-01","Article_Number":"150011","Article_Name":"FLAT PACKING 3\/4\"\/ 27X38X2","Order_Form_ID":"d1ac6a38667ace0f0e844e05c1d52f4b"},{"Customer_Name":"E","Calendar_week":9,"Amount":160.0,"PickAndPay":1,"Revenue":11856.87,"Invoice_Date":"2018-03-01","Article_Number":"106606921","Article_Name":"CLEAN-OUT FINGER BL1.0X98X90LG","Order_Form_ID":"d1ac6a38667ace0f0e844e05c1d52f4b"},{"Customer_Name":"E","Calendar_week":9,"Amount":1.0,"PickAndPay":1,"Revenue":1412.79,"Invoice_Date":"2018-03-01","Article_Number":"109612522","Article_Name":"SEALING LEDGE 5,5X65X2965","Order_Form_ID":"d1ac6a38667ace0f0e844e05c1d52f4b"},{"Customer_Name":"E","Calendar_week":9,"Amount":1.0,"PickAndPay":1,"Revenue":79.14,"Invoice_Date":"2018-03-01","Article_Number":"150343","Article_Name":"SEALING RING 38,0X46,0X2,0","Order_Form_ID":"d1ac6a38667ace0f0e844e05c1d52f4b"},{"Customer_Name":"E","Calendar_week":10,"Amount":2.0,"PickAndPay":0,"Revenue":9190.96,"Invoice_Date":"2018-03-06","Article_Number":"111471890","Article_Name":"INSULATING COVER 143\/36X42LG.102","Order_Form_ID":"166e9056e4862c3071a5f1f0a5eab94f"},{"Customer_Name":"E","Calendar_week":10,"Amount":1.0,"PickAndPay":0,"Revenue":197.86,"Invoice_Date":"2018-03-06","Article_Number":"110991001","Article_Name":"PACKING CHARGES (CARTON) 200X200X150","Order_Form_ID":"166e9056e4862c3071a5f1f0a5eab94f"},{"Customer_Name":"E","Calendar_week":10,"Amount":1.0,"PickAndPay":0,"Revenue":46928.7,"Invoice_Date":"2018-03-09","Article_Number":"195629441","Article_Name":"CHUCK AB2500\/2800","Order_Form_ID":"163c72ef42ce2a2ef3a015c06e93cb5f"},{"Customer_Name":"E","Calendar_week":10,"Amount":1.0,"PickAndPay":0,"Revenue":34576.9,"Invoice_Date":"2018-03-09","Article_Number":"135649000","Article_Name":"CONVEYOR BELT 3000X 2625","Order_Form_ID":"163c72ef42ce2a2ef3a015c06e93cb5f"},{"Customer_Name":"E","Calendar_week":10,"Amount":1.0,"PickAndPay":0,"Revenue":21493.29,"Invoice_Date":"2018-03-09","Article_Number":"184122300","Article_Name":"CONVEYOR BELT 3000X 1575","Order_Form_ID":"163c72ef42ce2a2ef3a015c06e93cb5f"},{"Customer_Name":"E","Calendar_week":10,"Amount":1.0,"PickAndPay":0,"Revenue":2748.08,"Invoice_Date":"2018-03-09","Article_Number":"V00000003","Article_Name":"PACKING CHARGES (BOX) 3100X340X430MM","Order_Form_ID":"163c72ef42ce2a2ef3a015c06e93cb5f"},{"Customer_Name":"E","Calendar_week":10,"Amount":1.0,"PickAndPay":0,"Revenue":197.86,"Invoice_Date":"2018-03-09","Article_Number":"110991003","Article_Name":"PACKING CHARGES (CARTON) 360X360X250","Order_Form_ID":"163c72ef42ce2a2ef3a015c06e93cb5f"},{"Customer_Name":"E","Calendar_week":10,"Amount":1.0,"PickAndPay":1,"Revenue":2473.27,"Invoice_Date":"2018-03-09","Article_Number":"P030PA001","Article_Name":"PACKING","Order_Form_ID":"1ca153feb5782b6b03f7534d17d06950"},{"Customer_Name":"E","Calendar_week":10,"Amount":1.0,"PickAndPay":1,"Revenue":1605.98,"Invoice_Date":"2018-03-09","Article_Number":"P030FR001","Article_Name":"FREIGHT CHARGES","Order_Form_ID":"1ca153feb5782b6b03f7534d17d06950"},{"Customer_Name":"E","Calendar_week":11,"Amount":2.0,"PickAndPay":0,"Revenue":9190.96,"Invoice_Date":"2018-03-14","Article_Number":"111471890","Article_Name":"INSULATING COVER 143\/36X42LG.102","Order_Form_ID":"28eaf99e6b945f164486a463b52bc014"},{"Customer_Name":"E","Calendar_week":11,"Amount":1.0,"PickAndPay":0,"Revenue":197.86,"Invoice_Date":"2018-03-14","Article_Number":"118308700","Article_Name":"PACKING CHARGES (CARTON) 330X163X172 MM","Order_Form_ID":"28eaf99e6b945f164486a463b52bc014"},{"Customer_Name":"E","Calendar_week":11,"Amount":1.0,"PickAndPay":0,"Revenue":20928.56,"Invoice_Date":"2018-03-15","Article_Number":"255685200","Article_Name":"PNEUMATIC CYLINDER 160X500-G3\/4 DW","Order_Form_ID":"ff56e8d62c6ca1f735c7d94346ce3162"},{"Customer_Name":"E","Calendar_week":11,"Amount":1.0,"PickAndPay":0,"Revenue":1126.71,"Invoice_Date":"2018-03-15","Article_Number":"110680400","Article_Name":"PACKING CHARGES (PAL-BOX I) 830X580X680","Order_Form_ID":"ff56e8d62c6ca1f735c7d94346ce3162"},{"Customer_Name":"E","Calendar_week":11,"Amount":2.0,"PickAndPay":0,"Revenue":2157.24,"Invoice_Date":"2018-03-15","Article_Number":"105450501","Article_Name":"TOOTHED BELT GT 30X 8X1440","Order_Form_ID":"e37541e313c8fd645f9f76e18b86f3a1"},{"Customer_Name":"E","Calendar_week":11,"Amount":4.0,"PickAndPay":0,"Revenue":4202.91,"Invoice_Date":"2018-03-15","Article_Number":"182532","Article_Name":"BACOMIN V95 POWER 400ML","Order_Form_ID":"e37541e313c8fd645f9f76e18b86f3a1"},{"Customer_Name":"E","Calendar_week":11,"Amount":1.0,"PickAndPay":0,"Revenue":197.86,"Invoice_Date":"2018-03-15","Article_Number":"110991002","Article_Name":"PACKING CHARGES (CARTON) 300X300X200","Order_Form_ID":"e37541e313c8fd645f9f76e18b86f3a1"},{"Customer_Name":"E","Calendar_week":12,"Amount":1.0,"PickAndPay":0,"Revenue":22371.02,"Invoice_Date":"2018-03-22","Article_Number":"255685200","Article_Name":"PNEUMATIC CYLINDER 160X500-G3\/4 DW","Order_Form_ID":"f4f818db5e3f67847c7fc0ee648e245c"},{"Customer_Name":"E","Calendar_week":12,"Amount":1.0,"PickAndPay":0,"Revenue":1126.71,"Invoice_Date":"2018-03-22","Article_Number":"110680400","Article_Name":"PACKING CHARGES (PAL-BOX I) 830X580X680","Order_Form_ID":"f4f818db5e3f67847c7fc0ee648e245c"},{"Customer_Name":"E","Calendar_week":12,"Amount":-1.0,"PickAndPay":0,"Revenue":-22371.02,"Invoice_Date":"2018-03-22","Article_Number":"255685200","Article_Name":"PNEUMATIC CYLINDER 160X500-G3\/4 DW","Order_Form_ID":"a7c48129bd2f65d66085a53b5ddcfb3d"},{"Customer_Name":"E","Calendar_week":12,"Amount":-1.0,"PickAndPay":0,"Revenue":-1126.71,"Invoice_Date":"2018-03-22","Article_Number":"110680400","Article_Name":"PACKING CHARGES (PAL-BOX I) 830X580X680","Order_Form_ID":"a7c48129bd2f65d66085a53b5ddcfb3d"},{"Customer_Name":"E","Calendar_week":12,"Amount":1.0,"PickAndPay":0,"Revenue":21781.56,"Invoice_Date":"2018-03-23","Article_Number":"255685200","Article_Name":"PNEUMATIC CYLINDER 160X500-G3\/4 DW","Order_Form_ID":"70fee885e8cc3bcb4f0c66f8974a37f1"},{"Customer_Name":"E","Calendar_week":12,"Amount":1.0,"PickAndPay":0,"Revenue":1126.71,"Invoice_Date":"2018-03-23","Article_Number":"110680400","Article_Name":"PACKING CHARGES (PAL-BOX I) 830X580X680","Order_Form_ID":"70fee885e8cc3bcb4f0c66f8974a37f1"},{"Customer_Name":"E","Calendar_week":13,"Amount":2.0,"PickAndPay":0,"Revenue":9840.6,"Invoice_Date":"2018-03-27","Article_Number":"105450100","Article_Name":"TENSION PULLEY 60X  60X  70","Order_Form_ID":"6cfcadc7fa2dd5523863bbf1e3231bf2"},{"Customer_Name":"E","Calendar_week":13,"Amount":2.0,"PickAndPay":0,"Revenue":2170.71,"Invoice_Date":"2018-03-27","Article_Number":"105450501","Article_Name":"TOOTHED BELT GT 30X 8X1440","Order_Form_ID":"6cfcadc7fa2dd5523863bbf1e3231bf2"},{"Customer_Name":"E","Calendar_week":13,"Amount":1.0,"PickAndPay":0,"Revenue":197.86,"Invoice_Date":"2018-03-27","Article_Number":"118308700","Article_Name":"PACKING CHARGES (CARTON) 330X163X172 MM","Order_Form_ID":"6cfcadc7fa2dd5523863bbf1e3231bf2"},{"Customer_Name":"E","Calendar_week":14,"Amount":1.0,"PickAndPay":0,"Revenue":104247.34,"Invoice_Date":"2018-04-03","Article_Number":"187266028","Article_Name":"GUIDE ROLLER AB2800","Order_Form_ID":"8ca49e8beb70cf45e27ba0348d9df53a"},{"Customer_Name":"E","Calendar_week":14,"Amount":1.0,"PickAndPay":0,"Revenue":4122.12,"Invoice_Date":"2018-04-03","Article_Number":"V00000024","Article_Name":"PACKING CHARGES (BOX)","Order_Form_ID":"8ca49e8beb70cf45e27ba0348d9df53a"},{"Customer_Name":"E","Calendar_week":14,"Amount":1.0,"PickAndPay":1,"Revenue":197.86,"Invoice_Date":"2018-04-03","Article_Number":"P030PA001","Article_Name":"PACKING","Order_Form_ID":"36046b7bd2f019f6787eaaf212d2a7d8"},{"Customer_Name":"E","Calendar_week":14,"Amount":1.0,"PickAndPay":1,"Revenue":335.82,"Invoice_Date":"2018-04-03","Article_Number":"P030FR001","Article_Name":"FREIGHT CHARGES","Order_Form_ID":"36046b7bd2f019f6787eaaf212d2a7d8"},{"Customer_Name":"E","Calendar_week":14,"Amount":4.0,"PickAndPay":0,"Revenue":9190.96,"Invoice_Date":"2018-04-04","Article_Number":"123453600","Article_Name":"TWO-HOLE FLANGE HOUSING 50X190X60,7","Order_Form_ID":"e446fe7326f232446025313059d75940"},{"Customer_Name":"E","Calendar_week":14,"Amount":1.0,"PickAndPay":0,"Revenue":197.86,"Invoice_Date":"2018-04-04","Article_Number":"110991002","Article_Name":"PACKING CHARGES (CARTON) 300X300X200","Order_Form_ID":"e446fe7326f232446025313059d75940"},{"Customer_Name":"E","Calendar_week":14,"Amount":1.0,"PickAndPay":1,"Revenue":18312.93,"Invoice_Date":"2018-04-05","Article_Number":"242869600","Article_Name":"ULTRA-SONIC SENSOR L74MM","Order_Form_ID":"0c4414b7a3072a210acaa3e720032c2a"},{"Customer_Name":"E","Calendar_week":14,"Amount":2.0,"PickAndPay":1,"Revenue":1092.91,"Invoice_Date":"2018-04-05","Article_Number":"104581510","Article_Name":"BRAKE LINING","Order_Form_ID":"0c4414b7a3072a210acaa3e720032c2a"},{"Customer_Name":"E","Calendar_week":14,"Amount":11.0,"PickAndPay":1,"Revenue":60110.14,"Invoice_Date":"2018-04-05","Article_Number":"126292402","Article_Name":"BRUSH ROLL SEGMENT 300X203X216MM","Order_Form_ID":"0c4414b7a3072a210acaa3e720032c2a"},{"Customer_Name":"E","Calendar_week":14,"Amount":5.0,"PickAndPay":1,"Revenue":2092.39,"Invoice_Date":"2018-04-05","Article_Number":"114519400","Article_Name":"SUPPORT RING SG38.8X45X1.4G","Order_Form_ID":"0c4414b7a3072a210acaa3e720032c2a"},{"Customer_Name":"E","Calendar_week":14,"Amount":100.0,"PickAndPay":1,"Revenue":1919.26,"Invoice_Date":"2018-04-05","Article_Number":"107254210","Article_Name":"FELT 46X35X10MM","Order_Form_ID":"0c4414b7a3072a210acaa3e720032c2a"},{"Customer_Name":"E","Calendar_week":14,"Amount":6.0,"PickAndPay":1,"Revenue":32787.35,"Invoice_Date":"2018-04-05","Article_Number":"105303998","Article_Name":"DISC CUT KNIFE 240X1,2MM,28°","Order_Form_ID":"0c4414b7a3072a210acaa3e720032c2a"},{"Customer_Name":"E","Calendar_week":14,"Amount":38.0,"PickAndPay":1,"Revenue":20765.32,"Invoice_Date":"2018-04-05","Article_Number":"136481820","Article_Name":"NO-CRUSH-ROLLER 180X65X50","Order_Form_ID":"0c4414b7a3072a210acaa3e720032c2a"},{"Customer_Name":"E","Calendar_week":14,"Amount":1.0,"PickAndPay":1,"Revenue":1652.7,"Invoice_Date":"2018-04-05","Article_Number":"104196402","Article_Name":"FLAT BELT 50X2,4X1920","Order_Form_ID":"0c4414b7a3072a210acaa3e720032c2a"},{"Customer_Name":"E","Calendar_week":14,"Amount":2.0,"PickAndPay":1,"Revenue":842.29,"Invoice_Date":"2018-04-05","Article_Number":"131672130","Article_Name":"O-RING 37,69X3,53","Order_Form_ID":"0c4414b7a3072a210acaa3e720032c2a"},{"Customer_Name":"E","Calendar_week":14,"Amount":1.0,"PickAndPay":1,"Revenue":36705.84,"Invoice_Date":"2018-04-05","Article_Number":"181300","Article_Name":"ROTARY STEAM JOINT R 1 1\/4\"","Order_Form_ID":"0c4414b7a3072a210acaa3e720032c2a"},{"Customer_Name":"E","Calendar_week":14,"Amount":1.0,"PickAndPay":1,"Revenue":4318.33,"Invoice_Date":"2018-04-05","Article_Number":"127811041","Article_Name":"ANALOG INPUT\/OUTPUT 2AI","Order_Form_ID":"0c4414b7a3072a210acaa3e720032c2a"},{"Customer_Name":"E","Calendar_week":14,"Amount":1.0,"PickAndPay":1,"Revenue":2505.7,"Invoice_Date":"2018-04-05","Article_Number":"100335702","Article_Name":"BACOMIN V42-50 UNIVERSAL 400ML","Order_Form_ID":"0c4414b7a3072a210acaa3e720032c2a"},{"Customer_Name":"E","Calendar_week":14,"Amount":1.0,"PickAndPay":1,"Revenue":3092.14,"Invoice_Date":"2018-04-05","Article_Number":"105407210","Article_Name":"TOOTHED BELT 29,5X 8X 640","Order_Form_ID":"0c4414b7a3072a210acaa3e720032c2a"},{"Customer_Name":"E","Calendar_week":16,"Amount":42.0,"PickAndPay":0,"Revenue":93180.54,"Invoice_Date":"2018-04-17","Article_Number":"101509901","Article_Name":"LINEAR BALL BEARING 30\/47\/68","Order_Form_ID":"7c2cb6e1020e1036080ebfa660627ab3"},{"Customer_Name":"E","Calendar_week":16,"Amount":2.0,"PickAndPay":0,"Revenue":159.94,"Invoice_Date":"2018-04-17","Article_Number":"122482","Article_Name":"GROOVE NUT M20X1,0","Order_Form_ID":"7c2cb6e1020e1036080ebfa660627ab3"},{"Customer_Name":"E","Calendar_week":16,"Amount":9.0,"PickAndPay":0,"Revenue":155962.92,"Invoice_Date":"2018-04-17","Article_Number":"121970625","Article_Name":"NUT","Order_Form_ID":"7c2cb6e1020e1036080ebfa660627ab3"},{"Customer_Name":"E","Calendar_week":16,"Amount":14.0,"PickAndPay":0,"Revenue":17988.11,"Invoice_Date":"2018-04-17","Article_Number":"161790600","Article_Name":"BELLOWS D35\/D84X207,3","Order_Form_ID":"7c2cb6e1020e1036080ebfa660627ab3"},{"Customer_Name":"E","Calendar_week":16,"Amount":8.0,"PickAndPay":0,"Revenue":160.76,"Invoice_Date":"2018-04-17","Article_Number":"118391","Article_Name":"CHEESE-HEAD SCREW M8X16","Order_Form_ID":"7c2cb6e1020e1036080ebfa660627ab3"},{"Customer_Name":"E","Calendar_week":16,"Amount":5.0,"PickAndPay":0,"Revenue":4261.72,"Invoice_Date":"2018-04-17","Article_Number":"146581902","Article_Name":"FLANGE D118X36,5","Order_Form_ID":"7c2cb6e1020e1036080ebfa660627ab3"},{"Customer_Name":"E","Calendar_week":16,"Amount":20.0,"PickAndPay":0,"Revenue":399.02,"Invoice_Date":"2018-04-17","Article_Number":"120739","Article_Name":"COUNTERSUNK SCREW M8X10","Order_Form_ID":"7c2cb6e1020e1036080ebfa660627ab3"},{"Customer_Name":"E","Calendar_week":16,"Amount":2.0,"PickAndPay":0,"Revenue":4174.06,"Invoice_Date":"2018-04-17","Article_Number":"136259.10","Article_Name":"RADIAL ANGULAR BALL BEARING 20X42X34","Order_Form_ID":"7c2cb6e1020e1036080ebfa660627ab3"},{"Customer_Name":"E","Calendar_week":16,"Amount":1.0,"PickAndPay":0,"Revenue":44642.57,"Invoice_Date":"2018-04-17","Article_Number":"124343730","Article_Name":"BALL SCREW KGT-S-3240X1633","Order_Form_ID":"7c2cb6e1020e1036080ebfa660627ab3"},{"Customer_Name":"E","Calendar_week":16,"Amount":2.0,"PickAndPay":0,"Revenue":28032.62,"Invoice_Date":"2018-04-17","Article_Number":"101519000","Article_Name":"CARDAN SHAFT S= 270 X= 40","Order_Form_ID":"7c2cb6e1020e1036080ebfa660627ab3"},{"Customer_Name":"E","Calendar_week":16,"Amount":104.0,"PickAndPay":0,"Revenue":2058.86,"Invoice_Date":"2018-04-17","Article_Number":"118850","Article_Name":"CHEESE-HEAD SCREW M5X10","Order_Form_ID":"7c2cb6e1020e1036080ebfa660627ab3"},{"Customer_Name":"E","Calendar_week":16,"Amount":2.0,"PickAndPay":0,"Revenue":22363.61,"Invoice_Date":"2018-04-17","Article_Number":"124242101","Article_Name":"BEARING BUSH 90X77,5","Order_Form_ID":"7c2cb6e1020e1036080ebfa660627ab3"},{"Customer_Name":"E","Calendar_week":16,"Amount":2.0,"PickAndPay":0,"Revenue":40.67,"Invoice_Date":"2018-04-17","Article_Number":"122865","Article_Name":"DISK 20","Order_Form_ID":"7c2cb6e1020e1036080ebfa660627ab3"},{"Customer_Name":"E","Calendar_week":16,"Amount":4.0,"PickAndPay":0,"Revenue":3676.11,"Invoice_Date":"2018-04-17","Article_Number":"135064","Article_Name":"RADIAL BALL BEARING 60X95X18","Order_Form_ID":"7c2cb6e1020e1036080ebfa660627ab3"},{"Customer_Name":"E","Calendar_week":16,"Amount":1.0,"PickAndPay":0,"Revenue":1284.73,"Invoice_Date":"2018-04-17","Article_Number":"124640100","Article_Name":"BUSH DU 140X145  X 17","Order_Form_ID":"7c2cb6e1020e1036080ebfa660627ab3"},{"Customer_Name":"E","Calendar_week":16,"Amount":1.0,"PickAndPay":0,"Revenue":2116.85,"Invoice_Date":"2018-04-17","Article_Number":"124639900","Article_Name":"BUSH DU 140X145  X 37","Order_Form_ID":"7c2cb6e1020e1036080ebfa660627ab3"},{"Customer_Name":"E","Calendar_week":16,"Amount":8.0,"PickAndPay":0,"Revenue":9671.87,"Invoice_Date":"2018-04-17","Article_Number":"101567931","Article_Name":"KEY 12X8X372","Order_Form_ID":"7c2cb6e1020e1036080ebfa660627ab3"},{"Customer_Name":"E","Calendar_week":16,"Amount":2.0,"PickAndPay":0,"Revenue":40.67,"Invoice_Date":"2018-04-17","Article_Number":"138032","Article_Name":"SEEGER CIRCLIP RING 60X2,0","Order_Form_ID":"7c2cb6e1020e1036080ebfa660627ab3"},{"Customer_Name":"E","Calendar_week":16,"Amount":1.0,"PickAndPay":0,"Revenue":2698.07,"Invoice_Date":"2018-04-17","Article_Number":"124640800","Article_Name":"RING RD.140X37","Order_Form_ID":"7c2cb6e1020e1036080ebfa660627ab3"},{"Customer_Name":"E","Calendar_week":16,"Amount":1.0,"PickAndPay":0,"Revenue":3165.51,"Invoice_Date":"2018-04-17","Article_Number":"124412600","Article_Name":"RING RD.153X20","Order_Form_ID":"7c2cb6e1020e1036080ebfa660627ab3"},{"Customer_Name":"E","Calendar_week":16,"Amount":14.0,"PickAndPay":0,"Revenue":10071.17,"Invoice_Date":"2018-04-17","Article_Number":"101567900","Article_Name":"KEY 12X8X500","Order_Form_ID":"7c2cb6e1020e1036080ebfa660627ab3"},{"Customer_Name":"E","Calendar_week":16,"Amount":14.0,"PickAndPay":0,"Revenue":105521.9,"Invoice_Date":"2018-04-17","Article_Number":"113463208","Article_Name":"DRIVE PIECES","Order_Form_ID":"7c2cb6e1020e1036080ebfa660627ab3"},{"Customer_Name":"E","Calendar_week":16,"Amount":4.0,"PickAndPay":0,"Revenue":5132.59,"Invoice_Date":"2018-04-17","Article_Number":"124247401","Article_Name":"BEARING FLANGE 68\/60","Order_Form_ID":"7c2cb6e1020e1036080ebfa660627ab3"},{"Customer_Name":"E","Calendar_week":16,"Amount":1.0,"PickAndPay":0,"Revenue":1374.04,"Invoice_Date":"2018-04-17","Article_Number":"V00000009","Article_Name":"PACKING CHARGES (BOX) 2080X120X120MM","Order_Form_ID":"7c2cb6e1020e1036080ebfa660627ab3"},{"Customer_Name":"E","Calendar_week":16,"Amount":1.0,"PickAndPay":0,"Revenue":1126.71,"Invoice_Date":"2018-04-17","Article_Number":"110680400","Article_Name":"PACKING CHARGES (PAL-BOX I) 830X580X680","Order_Form_ID":"7c2cb6e1020e1036080ebfa660627ab3"},{"Customer_Name":"E","Calendar_week":16,"Amount":1.0,"PickAndPay":1,"Revenue":1862.1,"Invoice_Date":"2018-04-19","Article_Number":"P030FR001","Article_Name":"FREIGHT CHARGES","Order_Form_ID":"4088c95c6b1414b7f35e326998219d16"},{"Customer_Name":"E","Calendar_week":16,"Amount":1.0,"PickAndPay":1,"Revenue":1566.41,"Invoice_Date":"2018-04-19","Article_Number":"P030PA001","Article_Name":"PACKING","Order_Form_ID":"4088c95c6b1414b7f35e326998219d16"},{"Customer_Name":"E","Calendar_week":18,"Amount":1.0,"PickAndPay":1,"Revenue":334937.44,"Invoice_Date":"2018-05-02","Article_Number":"150337628","Article_Name":"PRESSURE BELT II-QUALITY 2860X 2930","Order_Form_ID":"5b66238547e17af55a336717ca89629b"},{"Customer_Name":"E","Calendar_week":18,"Amount":25.0,"PickAndPay":1,"Revenue":13328.19,"Invoice_Date":"2018-05-02","Article_Number":"182602000","Article_Name":"NAP FOIL 50 MM BR\/25 M","Order_Form_ID":"5b66238547e17af55a336717ca89629b"},{"Customer_Name":"E","Calendar_week":18,"Amount":10.0,"PickAndPay":1,"Revenue":54645.58,"Invoice_Date":"2018-05-02","Article_Number":"105303998","Article_Name":"DISC CUT KNIFE 240X1,2MM,28°","Order_Form_ID":"5b66238547e17af55a336717ca89629b"},{"Customer_Name":"E","Calendar_week":18,"Amount":5.0,"PickAndPay":1,"Revenue":18259.62,"Invoice_Date":"2018-05-02","Article_Number":"199825800","Article_Name":"PERFLU V250 HIGH TEMP 800G 400ML","Order_Form_ID":"5b66238547e17af55a336717ca89629b"},{"Customer_Name":"E","Calendar_week":18,"Amount":4.0,"PickAndPay":1,"Revenue":1674.13,"Invoice_Date":"2018-05-02","Article_Number":"114519400","Article_Name":"SUPPORT RING SG38.8X45X1.4G","Order_Form_ID":"5b66238547e17af55a336717ca89629b"},{"Customer_Name":"E","Calendar_week":18,"Amount":3.0,"PickAndPay":1,"Revenue":237.43,"Invoice_Date":"2018-05-02","Article_Number":"113878200","Article_Name":"FLAT PACKING 42X56X2","Order_Form_ID":"5b66238547e17af55a336717ca89629b"},{"Customer_Name":"E","Calendar_week":18,"Amount":2.0,"PickAndPay":1,"Revenue":842.29,"Invoice_Date":"2018-05-02","Article_Number":"131672130","Article_Name":"O-RING 37,69X3,53","Order_Form_ID":"5b66238547e17af55a336717ca89629b"},{"Customer_Name":"E","Calendar_week":18,"Amount":2.0,"PickAndPay":1,"Revenue":5597.84,"Invoice_Date":"2018-05-02","Article_Number":"111125303","Article_Name":"GLUE DAM JOINT 3X260X220","Order_Form_ID":"5b66238547e17af55a336717ca89629b"},{"Customer_Name":"E","Calendar_week":18,"Amount":2.0,"PickAndPay":1,"Revenue":5011.4,"Invoice_Date":"2018-05-02","Article_Number":"100335702","Article_Name":"BACOMIN V42-50 UNIVERSAL 400ML","Order_Form_ID":"5b66238547e17af55a336717ca89629b"},{"Customer_Name":"E","Calendar_week":18,"Amount":1.0,"PickAndPay":1,"Revenue":1519.41,"Invoice_Date":"2018-05-02","Article_Number":"163270928","Article_Name":"SCRAPER BLADE CORRUDUR® 2850X50X1,5","Order_Form_ID":"5b66238547e17af55a336717ca89629b"},{"Customer_Name":"E","Calendar_week":18,"Amount":1.0,"PickAndPay":1,"Revenue":58910.6,"Invoice_Date":"2018-05-02","Article_Number":"121010680","Article_Name":"ROTARY STEAM JOINT","Order_Form_ID":"5b66238547e17af55a336717ca89629b"},{"Customer_Name":"E","Calendar_week":18,"Amount":1.0,"PickAndPay":1,"Revenue":1626.04,"Invoice_Date":"2018-05-02","Article_Number":"111125199","Article_Name":"GLUE DAM JOINT 3X128X197","Order_Form_ID":"5b66238547e17af55a336717ca89629b"},{"Customer_Name":"E","Calendar_week":18,"Amount":1.0,"PickAndPay":1,"Revenue":1626.04,"Invoice_Date":"2018-05-02","Article_Number":"111125198","Article_Name":"GLUE DAM JOINT 3X128X197","Order_Form_ID":"5b66238547e17af55a336717ca89629b"},{"Customer_Name":"E","Calendar_week":18,"Amount":1.0,"PickAndPay":1,"Revenue":1412.79,"Invoice_Date":"2018-05-02","Article_Number":"109612522","Article_Name":"SEALING LEDGE 5,5X65X2965","Order_Form_ID":"5b66238547e17af55a336717ca89629b"},{"Customer_Name":"E","Calendar_week":18,"Amount":1.0,"PickAndPay":1,"Revenue":394.62,"Invoice_Date":"2018-05-02","Article_Number":"104230550","Article_Name":"FOAM RUBBER 60X12X2850","Order_Form_ID":"5b66238547e17af55a336717ca89629b"},{"Customer_Name":"E","Calendar_week":18,"Amount":1.0,"PickAndPay":0,"Revenue":81.62,"Invoice_Date":"2018-05-03","Article_Number":"100973400","Article_Name":"METAL-RUBBER-BUFFER D20X15-M 6X18","Order_Form_ID":"f28e2590f4feb1b1b36270dc32f98fd8"},{"Customer_Name":"E","Calendar_week":19,"Amount":1.0,"PickAndPay":0,"Revenue":4089.97,"Invoice_Date":"2018-05-07","Article_Number":"105210600","Article_Name":"TOOTHED BELT WHEEL 10X 55X40X40H7","Order_Form_ID":"6e33df270bece421fca1a2f60107b4c0"},{"Customer_Name":"E","Calendar_week":19,"Amount":1.0,"PickAndPay":0,"Revenue":1373.49,"Invoice_Date":"2018-05-07","Article_Number":"104873900","Article_Name":"TOOTHED BELT AT 32X10X1050","Order_Form_ID":"6e33df270bece421fca1a2f60107b4c0"},{"Customer_Name":"E","Calendar_week":19,"Amount":1.0,"PickAndPay":0,"Revenue":20070.33,"Invoice_Date":"2018-05-07","Article_Number":"105210500","Article_Name":"TENSION PULLEY 120X 120","Order_Form_ID":"6e33df270bece421fca1a2f60107b4c0"},{"Customer_Name":"E","Calendar_week":19,"Amount":1.0,"PickAndPay":0,"Revenue":3862.7,"Invoice_Date":"2018-05-07","Article_Number":"103589400","Article_Name":"TOOTHED BELT WHEEL 10X24X24H7X40","Order_Form_ID":"6e33df270bece421fca1a2f60107b4c0"},{"Customer_Name":"E","Calendar_week":19,"Amount":1.0,"PickAndPay":0,"Revenue":197.86,"Invoice_Date":"2018-05-07","Article_Number":"110991002","Article_Name":"PACKING CHARGES (CARTON) 300X300X200","Order_Form_ID":"6e33df270bece421fca1a2f60107b4c0"},{"Customer_Name":"E","Calendar_week":19,"Amount":10.0,"PickAndPay":0,"Revenue":8243.69,"Invoice_Date":"2018-05-08","Article_Number":"104581529","Article_Name":"SEALING RING 60X  50X  7","Order_Form_ID":"2b79c5d4bac00d8b0ab00a501b7ccf93"},{"Customer_Name":"E","Calendar_week":19,"Amount":26.0,"PickAndPay":0,"Revenue":5893.81,"Invoice_Date":"2018-05-08","Article_Number":"103101020","Article_Name":"PLASTIC PLATE 60X8X180","Order_Form_ID":"2b79c5d4bac00d8b0ab00a501b7ccf93"},{"Customer_Name":"E","Calendar_week":19,"Amount":2.0,"PickAndPay":0,"Revenue":1369.09,"Invoice_Date":"2018-05-08","Article_Number":"121010618","Article_Name":"SEAL ID=102 DICKE=2","Order_Form_ID":"2b79c5d4bac00d8b0ab00a501b7ccf93"},{"Customer_Name":"E","Calendar_week":19,"Amount":2.0,"PickAndPay":0,"Revenue":13873.96,"Invoice_Date":"2018-05-08","Article_Number":"121010619","Article_Name":"SEAL","Order_Form_ID":"2b79c5d4bac00d8b0ab00a501b7ccf93"},{"Customer_Name":"E","Calendar_week":19,"Amount":1.0,"PickAndPay":0,"Revenue":197.86,"Invoice_Date":"2018-05-08","Article_Number":"110991001","Article_Name":"PACKING CHARGES (CARTON) 200X200X150","Order_Form_ID":"2b79c5d4bac00d8b0ab00a501b7ccf93"},{"Customer_Name":"E","Calendar_week":19,"Amount":1.0,"PickAndPay":1,"Revenue":3797.85,"Invoice_Date":"2018-05-11","Article_Number":"P030PA001","Article_Name":"PACKING","Order_Form_ID":"de4d19026b9042d4088455e8cf8876ae"},{"Customer_Name":"E","Calendar_week":19,"Amount":1.0,"PickAndPay":1,"Revenue":5558.27,"Invoice_Date":"2018-05-11","Article_Number":"P030FR001","Article_Name":"FREIGHT CHARGES","Order_Form_ID":"de4d19026b9042d4088455e8cf8876ae"},{"Customer_Name":"E","Calendar_week":20,"Amount":4.0,"PickAndPay":0,"Revenue":4280.96,"Invoice_Date":"2018-05-17","Article_Number":"182532","Article_Name":"BACOMIN V95 POWER 400ML","Order_Form_ID":"43f59de0970e4182eea5a63c1ae9a782"},{"Customer_Name":"E","Calendar_week":20,"Amount":1.0,"PickAndPay":0,"Revenue":197.86,"Invoice_Date":"2018-05-17","Article_Number":"118308700","Article_Name":"PACKING CHARGES (CARTON) 330X163X172 MM","Order_Form_ID":"43f59de0970e4182eea5a63c1ae9a782"},{"Customer_Name":"E","Calendar_week":21,"Amount":1.0,"PickAndPay":0,"Revenue":314510.4,"Invoice_Date":"2018-05-24","Article_Number":"157574802","Article_Name":"APPLICATOR ROLL AB 2800","Order_Form_ID":"cc951a61d29a8484a42a48240c2e2cb0"},{"Customer_Name":"E","Calendar_week":21,"Amount":1.0,"PickAndPay":0,"Revenue":16368.12,"Invoice_Date":"2018-05-24","Article_Number":"115975802","Article_Name":"BEARINGS AND ACCESSORIES","Order_Form_ID":"cc951a61d29a8484a42a48240c2e2cb0"},{"Customer_Name":"E","Calendar_week":21,"Amount":2.0,"PickAndPay":0,"Revenue":2822.83,"Invoice_Date":"2018-05-24","Article_Number":"155448002","Article_Name":"BHS-ACTIVE DECALCER 2,5L","Order_Form_ID":"cc951a61d29a8484a42a48240c2e2cb0"},{"Customer_Name":"E","Calendar_week":21,"Amount":1.0,"PickAndPay":0,"Revenue":594.68,"Invoice_Date":"2018-05-24","Article_Number":"280447600","Article_Name":"PRESSURE SPRAYER 1,5 LITER","Order_Form_ID":"cc951a61d29a8484a42a48240c2e2cb0"},{"Customer_Name":"E","Calendar_week":21,"Amount":2.0,"PickAndPay":0,"Revenue":785.95,"Invoice_Date":"2018-05-24","Article_Number":"144296505","Article_Name":"CLEAN SPRAY H1 EASY CORRUCLEAN® - 400 ML","Order_Form_ID":"cc951a61d29a8484a42a48240c2e2cb0"},{"Customer_Name":"E","Calendar_week":21,"Amount":1.0,"PickAndPay":0,"Revenue":1049.22,"Invoice_Date":"2018-05-24","Article_Number":"851023185","Article_Name":"BACOMIN V-100 500ML","Order_Form_ID":"cc951a61d29a8484a42a48240c2e2cb0"},{"Customer_Name":"E","Calendar_week":21,"Amount":1.0,"PickAndPay":0,"Revenue":7694.63,"Invoice_Date":"2018-05-24","Article_Number":"V00000018","Article_Name":"PACKING CHARGES (BOX) 3450X530X630MM","Order_Form_ID":"cc951a61d29a8484a42a48240c2e2cb0"},{"Customer_Name":"E","Calendar_week":23,"Amount":4.0,"PickAndPay":1,"Revenue":14607.7,"Invoice_Date":"2018-06-04","Article_Number":"199825802","Article_Name":"PERFLU H1 HIGH TEMP 0,8KG","Order_Form_ID":"e12e016e20cc11d55cd5b2ba30ff6c4c"},{"Customer_Name":"E","Calendar_week":23,"Amount":16.0,"PickAndPay":1,"Revenue":87432.93,"Invoice_Date":"2018-06-04","Article_Number":"126292402","Article_Name":"BRUSH ROLL SEGMENT 300X203X216MM","Order_Form_ID":"e12e016e20cc11d55cd5b2ba30ff6c4c"},{"Customer_Name":"E","Calendar_week":23,"Amount":100.0,"PickAndPay":1,"Revenue":1919.26,"Invoice_Date":"2018-06-04","Article_Number":"107254210","Article_Name":"FELT 46X35X10MM","Order_Form_ID":"e12e016e20cc11d55cd5b2ba30ff6c4c"},{"Customer_Name":"E","Calendar_week":23,"Amount":11.0,"PickAndPay":1,"Revenue":60110.14,"Invoice_Date":"2018-06-04","Article_Number":"105303998","Article_Name":"DISC CUT KNIFE 240X1,2MM,28°","Order_Form_ID":"e12e016e20cc11d55cd5b2ba30ff6c4c"},{"Customer_Name":"E","Calendar_week":23,"Amount":50.0,"PickAndPay":0,"Revenue":39857.89,"Invoice_Date":"2018-06-08","Article_Number":"116904600","Article_Name":"COLOUR FOR BOARD MARKING QUAL.NR.7100-93","Order_Form_ID":"8ee8c9c3f627bbbc714418afc333424e"},{"Customer_Name":"E","Calendar_week":24,"Amount":1.0,"PickAndPay":1,"Revenue":2832.45,"Invoice_Date":"2018-06-11","Article_Number":"P030FR001","Article_Name":"FREIGHT CHARGES","Order_Form_ID":"02e595ccae75a3d3076848fe4030a0ff"},{"Customer_Name":"E","Calendar_week":24,"Amount":1.0,"PickAndPay":1,"Revenue":1092.91,"Invoice_Date":"2018-06-11","Article_Number":"P030PA001","Article_Name":"PACKING","Order_Form_ID":"02e595ccae75a3d3076848fe4030a0ff"},{"Customer_Name":"E","Calendar_week":25,"Amount":1.0,"PickAndPay":0,"Revenue":163126.06,"Invoice_Date":"2018-06-21","Article_Number":"119731524","Article_Name":"DOCTOR ROLL AB 2800","Order_Form_ID":"899c16f98de93f0edfab61ce0be9b09a"},{"Customer_Name":"E","Calendar_week":25,"Amount":1.0,"PickAndPay":0,"Revenue":16763.29,"Invoice_Date":"2018-06-21","Article_Number":"119761650","Article_Name":"BEARINGS AND ACCESSORIES","Order_Form_ID":"899c16f98de93f0edfab61ce0be9b09a"},{"Customer_Name":"E","Calendar_week":25,"Amount":1.0,"PickAndPay":0,"Revenue":1566.41,"Invoice_Date":"2018-06-21","Article_Number":"163270928","Article_Name":"SCRAPER BLADE CORRUDUR® 2850X50X1,5","Order_Form_ID":"899c16f98de93f0edfab61ce0be9b09a"},{"Customer_Name":"E","Calendar_week":25,"Amount":1.0,"PickAndPay":0,"Revenue":7694.63,"Invoice_Date":"2018-06-21","Article_Number":"V00000010","Article_Name":"PACKING CHARGES (BOX) 3280X280X410MM","Order_Form_ID":"899c16f98de93f0edfab61ce0be9b09a"},{"Customer_Name":"E","Calendar_week":25,"Amount":1.0,"PickAndPay":0,"Revenue":197.86,"Invoice_Date":"2018-06-21","Article_Number":"110991001","Article_Name":"PACKING CHARGES (CARTON) 200X200X150","Order_Form_ID":"899c16f98de93f0edfab61ce0be9b09a"},{"Customer_Name":"E","Calendar_week":25,"Amount":1.0,"PickAndPay":0,"Revenue":197.86,"Invoice_Date":"2018-06-21","Article_Number":"110991008","Article_Name":"PACKING CHARGES (CARTON) 720X720X70","Order_Form_ID":"899c16f98de93f0edfab61ce0be9b09a"},{"Customer_Name":"E","Calendar_week":25,"Amount":1.0,"PickAndPay":0,"Revenue":10183.01,"Invoice_Date":"2018-06-21","Article_Number":"P030FR001","Article_Name":"FREIGHT CHARGES","Order_Form_ID":"899c16f98de93f0edfab61ce0be9b09a"},{"Customer_Name":"E","Calendar_week":27,"Amount":250.0,"PickAndPay":1,"Revenue":4946.55,"Invoice_Date":"2018-07-02","Article_Number":"107254210","Article_Name":"FELT 46X35X10MM","Order_Form_ID":"5382c930f2169e9d14eba7653abc6372"},{"Customer_Name":"E","Calendar_week":27,"Amount":20.0,"PickAndPay":1,"Revenue":112671.3,"Invoice_Date":"2018-07-02","Article_Number":"105303998","Article_Name":"DISC CUT KNIFE 240X1,2MM,28°","Order_Form_ID":"5382c930f2169e9d14eba7653abc6372"},{"Customer_Name":"E","Calendar_week":27,"Amount":16.0,"PickAndPay":1,"Revenue":10156.91,"Invoice_Date":"2018-07-02","Article_Number":"104581595","Article_Name":"BRAKE LINING CORRUDUR® 64X5X10","Order_Form_ID":"5382c930f2169e9d14eba7653abc6372"},{"Customer_Name":"E","Calendar_week":27,"Amount":8.0,"PickAndPay":1,"Revenue":11080.26,"Invoice_Date":"2018-07-02","Article_Number":"105406991","Article_Name":"GRINDING WHEEL 50X11X19MM","Order_Form_ID":"5382c930f2169e9d14eba7653abc6372"},{"Customer_Name":"E","Calendar_week":27,"Amount":3.0,"PickAndPay":1,"Revenue":11294.61,"Invoice_Date":"2018-07-02","Article_Number":"199825802","Article_Name":"PERFLU H1 HIGH TEMP 0,8KG","Order_Form_ID":"5382c930f2169e9d14eba7653abc6372"},{"Customer_Name":"E","Calendar_week":27,"Amount":2.0,"PickAndPay":1,"Revenue":5770.97,"Invoice_Date":"2018-07-02","Article_Number":"111125303","Article_Name":"GLUE DAM JOINT 3X260X220","Order_Form_ID":"5382c930f2169e9d14eba7653abc6372"},{"Customer_Name":"E","Calendar_week":27,"Amount":1.0,"PickAndPay":1,"Revenue":1676.33,"Invoice_Date":"2018-07-02","Article_Number":"111125199","Article_Name":"GLUE DAM JOINT 3X128X197","Order_Form_ID":"5382c930f2169e9d14eba7653abc6372"},{"Customer_Name":"E","Calendar_week":27,"Amount":1.0,"PickAndPay":1,"Revenue":1676.33,"Invoice_Date":"2018-07-02","Article_Number":"111125198","Article_Name":"GLUE DAM JOINT 3X128X197","Order_Form_ID":"5382c930f2169e9d14eba7653abc6372"},{"Customer_Name":"E","Calendar_week":27,"Amount":1.0,"PickAndPay":1,"Revenue":1456.48,"Invoice_Date":"2018-07-02","Article_Number":"109612522","Article_Name":"SEALING LEDGE 5,5X65X2965","Order_Form_ID":"5382c930f2169e9d14eba7653abc6372"},{"Customer_Name":"E","Calendar_week":27,"Amount":1.0,"PickAndPay":1,"Revenue":2583.2,"Invoice_Date":"2018-07-02","Article_Number":"100335702","Article_Name":"BACOMIN V42-50 UNIVERSAL 400ML","Order_Form_ID":"5382c930f2169e9d14eba7653abc6372"},{"Customer_Name":"E","Calendar_week":27,"Amount":1.0,"PickAndPay":1,"Revenue":3187.77,"Invoice_Date":"2018-07-02","Article_Number":"105407210","Article_Name":"TOOTHED BELT 29,5X 8X 640","Order_Form_ID":"5382c930f2169e9d14eba7653abc6372"},{"Customer_Name":"E","Calendar_week":27,"Amount":5.0,"PickAndPay":0,"Revenue":41007.41,"Invoice_Date":"2018-07-06","Article_Number":"271187310","Article_Name":"PROTECTION COVER","Order_Form_ID":"3fbd990acde32216d3aba1fdf6d26401"},{"Customer_Name":"E","Calendar_week":27,"Amount":1.0,"PickAndPay":0,"Revenue":197.86,"Invoice_Date":"2018-07-06","Article_Number":"110991000","Article_Name":"PACKING CHARGES (CARTON) 200X200X80","Order_Form_ID":"3fbd990acde32216d3aba1fdf6d26401"},{"Customer_Name":"E","Calendar_week":27,"Amount":1.0,"PickAndPay":1,"Revenue":1869.24,"Invoice_Date":"2018-07-06","Article_Number":"P030FR001","Article_Name":"FREIGHT CHARGES","Order_Form_ID":"117267bb200d5d6948e989e57f4f54ac"},{"Customer_Name":"E","Calendar_week":27,"Amount":1.0,"PickAndPay":1,"Revenue":1126.71,"Invoice_Date":"2018-07-06","Article_Number":"P030PA001","Article_Name":"PACKING","Order_Form_ID":"117267bb200d5d6948e989e57f4f54ac"},{"Customer_Name":"E","Calendar_week":31,"Amount":6.0,"PickAndPay":1,"Revenue":8060.94,"Invoice_Date":"2018-08-01","Article_Number":"105406991","Article_Name":"GRINDING WHEEL 50X11X19MM","Order_Form_ID":"f2ad48cdd489104fa26261899d230a11"},{"Customer_Name":"E","Calendar_week":31,"Amount":150.0,"PickAndPay":1,"Revenue":2878.89,"Invoice_Date":"2018-08-01","Article_Number":"107254210","Article_Name":"FELT 46X35X10MM","Order_Form_ID":"f2ad48cdd489104fa26261899d230a11"},{"Customer_Name":"E","Calendar_week":31,"Amount":12.0,"PickAndPay":1,"Revenue":65574.7,"Invoice_Date":"2018-08-01","Article_Number":"105303998","Article_Name":"DISC CUT KNIFE 240X1,2MM,28°","Order_Form_ID":"f2ad48cdd489104fa26261899d230a11"},{"Customer_Name":"E","Calendar_week":31,"Amount":1.0,"PickAndPay":1,"Revenue":2745.61,"Invoice_Date":"2018-08-01","Article_Number":"197617200","Article_Name":"PROXIMITY SWITCH 10-30VDC\/PNP\/NPN\/4MM","Order_Form_ID":"f2ad48cdd489104fa26261899d230a11"},{"Customer_Name":"E","Calendar_week":31,"Amount":2.0,"PickAndPay":1,"Revenue":7303.85,"Invoice_Date":"2018-08-01","Article_Number":"199825802","Article_Name":"PERFLU H1 HIGH TEMP 0,8KG","Order_Form_ID":"f2ad48cdd489104fa26261899d230a11"},{"Customer_Name":"E","Calendar_week":31,"Amount":6.0,"PickAndPay":1,"Revenue":10.99,"Invoice_Date":"2018-08-02","Article_Number":"105406991","Article_Name":"GRINDING WHEEL 50X11X19MM","Order_Form_ID":"b857ad48a253412bd9ca5dc85ddf551e"},{"Customer_Name":"E","Calendar_week":31,"Amount":150.0,"PickAndPay":1,"Revenue":27.21,"Invoice_Date":"2018-08-02","Article_Number":"107254210","Article_Name":"FELT 46X35X10MM","Order_Form_ID":"b857ad48a253412bd9ca5dc85ddf551e"},{"Customer_Name":"E","Calendar_week":31,"Amount":12.0,"PickAndPay":1,"Revenue":556.21,"Invoice_Date":"2018-08-02","Article_Number":"105303998","Article_Name":"DISC CUT KNIFE 240X1,2MM,28°","Order_Form_ID":"b857ad48a253412bd9ca5dc85ddf551e"},{"Customer_Name":"E","Calendar_week":31,"Amount":1.0,"PickAndPay":1,"Revenue":0.82,"Invoice_Date":"2018-08-02","Article_Number":"197617200","Article_Name":"PROXIMITY SWITCH 10-30VDC\/PNP\/NPN\/4MM","Order_Form_ID":"b857ad48a253412bd9ca5dc85ddf551e"},{"Customer_Name":"E","Calendar_week":31,"Amount":2.0,"PickAndPay":1,"Revenue":76.4,"Invoice_Date":"2018-08-02","Article_Number":"199825802","Article_Name":"PERFLU H1 HIGH TEMP 0,8KG","Order_Form_ID":"b857ad48a253412bd9ca5dc85ddf551e"},{"Customer_Name":"E","Calendar_week":31,"Amount":1.0,"PickAndPay":1,"Revenue":197.86,"Invoice_Date":"2018-08-02","Article_Number":"110991003","Article_Name":"PACKING CHARGES (CARTON) 360X360X250","Order_Form_ID":"b857ad48a253412bd9ca5dc85ddf551e"},{"Customer_Name":"E","Calendar_week":32,"Amount":2.0,"PickAndPay":0,"Revenue":2803.04,"Invoice_Date":"2018-08-07","Article_Number":"138334500","Article_Name":"TORQUE SUPPORT 30X50X50","Order_Form_ID":"d36b1c60216fb14b3eeaa2bf5c093d4d"},{"Customer_Name":"E","Calendar_week":32,"Amount":4.0,"PickAndPay":0,"Revenue":2252.88,"Invoice_Date":"2018-08-07","Article_Number":"131672110","Article_Name":"O-RING 53,57X3,53","Order_Form_ID":"d36b1c60216fb14b3eeaa2bf5c093d4d"},{"Customer_Name":"E","Calendar_week":32,"Amount":2.0,"PickAndPay":0,"Revenue":3705.51,"Invoice_Date":"2018-08-07","Article_Number":"139090500","Article_Name":"BOLT RD 35X149","Order_Form_ID":"d36b1c60216fb14b3eeaa2bf5c093d4d"},{"Customer_Name":"E","Calendar_week":32,"Amount":2.0,"PickAndPay":0,"Revenue":1927.78,"Invoice_Date":"2018-08-07","Article_Number":"134582500","Article_Name":"RUBBER BUFFER D26\/16X34","Order_Form_ID":"d36b1c60216fb14b3eeaa2bf5c093d4d"},{"Customer_Name":"E","Calendar_week":32,"Amount":1.0,"PickAndPay":0,"Revenue":197.86,"Invoice_Date":"2018-08-07","Article_Number":"110991001","Article_Name":"PACKING CHARGES (CARTON) 200X200X150","Order_Form_ID":"d36b1c60216fb14b3eeaa2bf5c093d4d"},{"Customer_Name":"E","Calendar_week":32,"Amount":1.0,"PickAndPay":0,"Revenue":22998.96,"Invoice_Date":"2018-08-10","Article_Number":"194858404","Article_Name":"FREQUENCY CONTROLLER 320-550V\/9,5A\/45-65","Order_Form_ID":"988e9b97f4d5b6668ded386cacc3f261"},{"Customer_Name":"E","Calendar_week":32,"Amount":1.0,"PickAndPay":0,"Revenue":197.86,"Invoice_Date":"2018-08-10","Article_Number":"110991003","Article_Name":"PACKING CHARGES (CARTON) 360X360X250","Order_Form_ID":"988e9b97f4d5b6668ded386cacc3f261"},{"Customer_Name":"E","Calendar_week":34,"Amount":9.0,"PickAndPay":1,"Revenue":7.69,"Invoice_Date":"2018-08-22","Article_Number":"553374","Article_Name":"SEALING ELEMENT RAD.288.5X260","Order_Form_ID":"50714fa55e11b80d0ebb0fd5c0f581aa"},{"Customer_Name":"E","Calendar_week":34,"Amount":7.0,"PickAndPay":1,"Revenue":0.82,"Invoice_Date":"2018-08-22","Article_Number":"553632","Article_Name":"SEALING ELEMENT 5X80X40X2","Order_Form_ID":"50714fa55e11b80d0ebb0fd5c0f581aa"},{"Customer_Name":"E","Calendar_week":34,"Amount":16.0,"PickAndPay":1,"Revenue":7.15,"Invoice_Date":"2018-08-22","Article_Number":"104581595","Article_Name":"BRAKE LINING CORRUDUR® 64X5X10","Order_Form_ID":"50714fa55e11b80d0ebb0fd5c0f581aa"},{"Customer_Name":"E","Calendar_week":34,"Amount":9.0,"PickAndPay":1,"Revenue":0.82,"Invoice_Date":"2018-08-22","Article_Number":"104581529","Article_Name":"SEALING RING 60X  50X  7","Order_Form_ID":"50714fa55e11b80d0ebb0fd5c0f581aa"},{"Customer_Name":"E","Calendar_week":34,"Amount":1.0,"PickAndPay":1,"Revenue":4.12,"Invoice_Date":"2018-08-22","Article_Number":"104462901","Article_Name":"EMERGENCY STOP MODULE 24VAC\/DC","Order_Form_ID":"50714fa55e11b80d0ebb0fd5c0f581aa"},{"Customer_Name":"E","Calendar_week":34,"Amount":1.0,"PickAndPay":1,"Revenue":2.47,"Invoice_Date":"2018-08-22","Article_Number":"106785501","Article_Name":"EMERGENCY STOP MODULE 24 VDC","Order_Form_ID":"50714fa55e11b80d0ebb0fd5c0f581aa"},{"Customer_Name":"E","Calendar_week":34,"Amount":1.0,"PickAndPay":1,"Revenue":4.4,"Invoice_Date":"2018-08-22","Article_Number":"109411002","Article_Name":"PULSE DISTRIBUTOR IV30","Order_Form_ID":"50714fa55e11b80d0ebb0fd5c0f581aa"},{"Customer_Name":"E","Calendar_week":34,"Amount":1.0,"PickAndPay":1,"Revenue":1.65,"Invoice_Date":"2018-08-22","Article_Number":"112614200","Article_Name":"CONVERTER 24 VDC","Order_Form_ID":"50714fa55e11b80d0ebb0fd5c0f581aa"},{"Customer_Name":"E","Calendar_week":34,"Amount":1.0,"PickAndPay":1,"Revenue":0.82,"Invoice_Date":"2018-08-22","Article_Number":"113826410","Article_Name":"MODULE 2133","Order_Form_ID":"50714fa55e11b80d0ebb0fd5c0f581aa"},{"Customer_Name":"E","Calendar_week":34,"Amount":1.0,"PickAndPay":1,"Revenue":2.47,"Invoice_Date":"2018-08-22","Article_Number":"114122500","Article_Name":"DIGITAL IN\/OUTPUT S7\/300\/32DO\/24VDC\/0,5A","Order_Form_ID":"50714fa55e11b80d0ebb0fd5c0f581aa"},{"Customer_Name":"E","Calendar_week":34,"Amount":1.0,"PickAndPay":1,"Revenue":2.2,"Invoice_Date":"2018-08-22","Article_Number":"114122600","Article_Name":"DIGITAL IN\/OUTPUT 6ES7 321-1BL00-0AA0","Order_Form_ID":"50714fa55e11b80d0ebb0fd5c0f581aa"},{"Customer_Name":"E","Calendar_week":34,"Amount":1.0,"PickAndPay":1,"Revenue":1.65,"Invoice_Date":"2018-08-22","Article_Number":"114421600","Article_Name":"ANALOG INPUT\/OUTPUT 4AO","Order_Form_ID":"50714fa55e11b80d0ebb0fd5c0f581aa"},{"Customer_Name":"E","Calendar_week":34,"Amount":1.0,"PickAndPay":1,"Revenue":2.2,"Invoice_Date":"2018-08-22","Article_Number":"116980600","Article_Name":"DIGITAL IN\/OUTPUT 6ES7 323-1BL00-0AA0","Order_Form_ID":"50714fa55e11b80d0ebb0fd5c0f581aa"},{"Customer_Name":"E","Calendar_week":34,"Amount":1.0,"PickAndPay":1,"Revenue":1.65,"Invoice_Date":"2018-08-22","Article_Number":"127811020","Article_Name":"MODULE PROFI BUS IM151","Order_Form_ID":"50714fa55e11b80d0ebb0fd5c0f581aa"},{"Customer_Name":"E","Calendar_week":34,"Amount":1.0,"PickAndPay":1,"Revenue":0.27,"Invoice_Date":"2018-08-22","Article_Number":"127811032","Article_Name":"MODULE 2*6 KLEMMEN","Order_Form_ID":"50714fa55e11b80d0ebb0fd5c0f581aa"},{"Customer_Name":"E","Calendar_week":34,"Amount":1.0,"PickAndPay":1,"Revenue":0.27,"Invoice_Date":"2018-08-22","Article_Number":"127811041","Article_Name":"ANALOG INPUT\/OUTPUT 2AI","Order_Form_ID":"50714fa55e11b80d0ebb0fd5c0f581aa"},{"Customer_Name":"E","Calendar_week":34,"Amount":1.0,"PickAndPay":1,"Revenue":0.27,"Invoice_Date":"2018-08-22","Article_Number":"127811042","Article_Name":"ANALOG INPUT\/OUTPUT S7\/ET200S\/2*AA\/+-10V","Order_Form_ID":"50714fa55e11b80d0ebb0fd5c0f581aa"},{"Customer_Name":"E","Calendar_week":34,"Amount":1.0,"PickAndPay":1,"Revenue":0.27,"Invoice_Date":"2018-08-22","Article_Number":"127811043","Article_Name":"ANALOG INPUT\/OUTPUT S7\/ET200S\/2*AI\/4DMU","Order_Form_ID":"50714fa55e11b80d0ebb0fd5c0f581aa"},{"Customer_Name":"E","Calendar_week":34,"Amount":2.0,"PickAndPay":1,"Revenue":0.27,"Invoice_Date":"2018-08-22","Article_Number":"127811050","Article_Name":"MODULE S7\/ET200S\/4DI DC24V","Order_Form_ID":"50714fa55e11b80d0ebb0fd5c0f581aa"},{"Customer_Name":"E","Calendar_week":34,"Amount":1.0,"PickAndPay":1,"Revenue":0.27,"Invoice_Date":"2018-08-22","Article_Number":"127811052","Article_Name":"DIGITAL IN\/OUTPUT","Order_Form_ID":"50714fa55e11b80d0ebb0fd5c0f581aa"},{"Customer_Name":"E","Calendar_week":34,"Amount":1.0,"PickAndPay":1,"Revenue":0.27,"Invoice_Date":"2018-08-22","Article_Number":"127811060","Article_Name":"MODULE S7\/ET200S\/4DO DC24V\/0,5A","Order_Form_ID":"50714fa55e11b80d0ebb0fd5c0f581aa"},{"Customer_Name":"E","Calendar_week":34,"Amount":1.0,"PickAndPay":1,"Revenue":1.65,"Invoice_Date":"2018-08-22","Article_Number":"129605200","Article_Name":"DIGITAL IN\/OUTPUT DO16","Order_Form_ID":"50714fa55e11b80d0ebb0fd5c0f581aa"},{"Customer_Name":"E","Calendar_week":34,"Amount":1.0,"PickAndPay":1,"Revenue":1.37,"Invoice_Date":"2018-08-22","Article_Number":"155470310","Article_Name":"EMERGENCY STOP MODULE 8I\/24 VDC","Order_Form_ID":"50714fa55e11b80d0ebb0fd5c0f581aa"},{"Customer_Name":"E","Calendar_week":34,"Amount":1.0,"PickAndPay":1,"Revenue":1.65,"Invoice_Date":"2018-08-22","Article_Number":"162372800","Article_Name":"EMERGENCY STOP MODULE 24VDC 5S\/1Ö","Order_Form_ID":"50714fa55e11b80d0ebb0fd5c0f581aa"},{"Customer_Name":"E","Calendar_week":34,"Amount":200.0,"PickAndPay":1,"Revenue":1719.2,"Invoice_Date":"2018-08-22","Article_Number":"107833921","Article_Name":"HYSYN V32 FOOD H1 200L","Order_Form_ID":"50714fa55e11b80d0ebb0fd5c0f581aa"},{"Customer_Name":"E","Calendar_week":34,"Amount":50.0,"PickAndPay":1,"Revenue":430.07,"Invoice_Date":"2018-08-22","Article_Number":"116904600","Article_Name":"COLOUR FOR BOARD MARKING QUAL.NR.7100-93","Order_Form_ID":"50714fa55e11b80d0ebb0fd5c0f581aa"},{"Customer_Name":"E","Calendar_week":34,"Amount":4.0,"PickAndPay":1,"Revenue":65.4,"Invoice_Date":"2018-08-22","Article_Number":"140172800","Article_Name":"FILTER ELEMENT FÜR 50\/60HZ","Order_Form_ID":"50714fa55e11b80d0ebb0fd5c0f581aa"},{"Customer_Name":"E","Calendar_week":34,"Amount":4.0,"PickAndPay":1,"Revenue":114.87,"Invoice_Date":"2018-08-22","Article_Number":"155448002","Article_Name":"BHS-ACTIVE DECALCER 2,5L","Order_Form_ID":"50714fa55e11b80d0ebb0fd5c0f581aa"},{"Customer_Name":"E","Calendar_week":34,"Amount":1.0,"PickAndPay":1,"Revenue":59.36,"Invoice_Date":"2018-08-22","Article_Number":"194858418","Article_Name":"FREQUENCY CONTROLLER 23,5A 11KW 320-550V","Order_Form_ID":"50714fa55e11b80d0ebb0fd5c0f581aa"},{"Customer_Name":"E","Calendar_week":34,"Amount":1.0,"PickAndPay":1,"Revenue":38.75,"Invoice_Date":"2018-08-22","Article_Number":"194858405","Article_Name":"FREQUENCY CONTROLLER 320-550V\/13A\/45-65H","Order_Form_ID":"50714fa55e11b80d0ebb0fd5c0f581aa"},{"Customer_Name":"E","Calendar_week":34,"Amount":1.0,"PickAndPay":1,"Revenue":39.3,"Invoice_Date":"2018-08-22","Article_Number":"194858404","Article_Name":"FREQUENCY CONTROLLER 320-550V\/9,5A\/45-65","Order_Form_ID":"50714fa55e11b80d0ebb0fd5c0f581aa"},{"Customer_Name":"E","Calendar_week":34,"Amount":1.0,"PickAndPay":1,"Revenue":17.86,"Invoice_Date":"2018-08-22","Article_Number":"194858407","Article_Name":"FREQUENCY CONTROLLER 2.4A\/320-550V\/0.75K","Order_Form_ID":"50714fa55e11b80d0ebb0fd5c0f581aa"},{"Customer_Name":"E","Calendar_week":34,"Amount":1.0,"PickAndPay":1,"Revenue":412.21,"Invoice_Date":"2018-08-22","Article_Number":"V00000019","Article_Name":"PACKING CHARGES (EUR-PALLET) 1200X800X14","Order_Form_ID":"50714fa55e11b80d0ebb0fd5c0f581aa"},{"Customer_Name":"E","Calendar_week":34,"Amount":1.0,"PickAndPay":1,"Revenue":1126.71,"Invoice_Date":"2018-08-22","Article_Number":"110680400","Article_Name":"PACKING CHARGES (PAL-BOX I) 830X580X680","Order_Form_ID":"50714fa55e11b80d0ebb0fd5c0f581aa"},{"Customer_Name":"E","Calendar_week":34,"Amount":1.0,"PickAndPay":1,"Revenue":1401.52,"Invoice_Date":"2018-08-22","Article_Number":"110680300","Article_Name":"PACKING CHARGES (PAL-BOX III) 1070X710X8","Order_Form_ID":"50714fa55e11b80d0ebb0fd5c0f581aa"},{"Customer_Name":"E","Calendar_week":35,"Amount":6.0,"PickAndPay":0,"Revenue":6109.81,"Invoice_Date":"2018-08-29","Article_Number":"134582500","Article_Name":"RUBBER BUFFER D26\/16X34","Order_Form_ID":"752cd1712cb9567b58987cd18e36511b"},{"Customer_Name":"E","Calendar_week":35,"Amount":1.0,"PickAndPay":0,"Revenue":197.86,"Invoice_Date":"2018-08-29","Article_Number":"110991000","Article_Name":"PACKING CHARGES (CARTON) 200X200X80","Order_Form_ID":"752cd1712cb9567b58987cd18e36511b"},{"Customer_Name":"E","Calendar_week":37,"Amount":2.0,"PickAndPay":1,"Revenue":0.27,"Invoice_Date":"2018-09-10","Article_Number":"150015","Article_Name":"FLAT PACKING 41X55X2","Order_Form_ID":"2e5ac458ae83ca1ab24adf75afddd1fb"},{"Customer_Name":"E","Calendar_week":37,"Amount":4.0,"PickAndPay":1,"Revenue":0.27,"Invoice_Date":"2018-09-10","Article_Number":"114519400","Article_Name":"SUPPORT RING SG38.8X45X1.4G","Order_Form_ID":"2e5ac458ae83ca1ab24adf75afddd1fb"},{"Customer_Name":"E","Calendar_week":37,"Amount":150.0,"PickAndPay":1,"Revenue":37.37,"Invoice_Date":"2018-09-10","Article_Number":"107254210","Article_Name":"FELT 46X35X10MM","Order_Form_ID":"2e5ac458ae83ca1ab24adf75afddd1fb"},{"Customer_Name":"E","Calendar_week":37,"Amount":28.0,"PickAndPay":1,"Revenue":1078.35,"Invoice_Date":"2018-09-10","Article_Number":"136481820","Article_Name":"NO-CRUSH-ROLLER 180X65X50","Order_Form_ID":"2e5ac458ae83ca1ab24adf75afddd1fb"},{"Customer_Name":"E","Calendar_week":37,"Amount":1.0,"PickAndPay":1,"Revenue":126.14,"Invoice_Date":"2018-09-10","Article_Number":"119958260","Article_Name":"STEAM HOSE 1 1\/4\"X930MM","Order_Form_ID":"2e5ac458ae83ca1ab24adf75afddd1fb"},{"Customer_Name":"E","Calendar_week":37,"Amount":1.0,"PickAndPay":1,"Revenue":3245.21,"Invoice_Date":"2018-09-10","Article_Number":"150337628","Article_Name":"PRESSURE BELT II-QUALITY 2860X 2930","Order_Form_ID":"2e5ac458ae83ca1ab24adf75afddd1fb"},{"Customer_Name":"E","Calendar_week":37,"Amount":25.0,"PickAndPay":1,"Revenue":160.76,"Invoice_Date":"2018-09-10","Article_Number":"107440100","Article_Name":"NAP FOIL 120 MM BR\/25 M","Order_Form_ID":"2e5ac458ae83ca1ab24adf75afddd1fb"},{"Customer_Name":"E","Calendar_week":37,"Amount":3.0,"PickAndPay":1,"Revenue":155.82,"Invoice_Date":"2018-09-10","Article_Number":"199825802","Article_Name":"PERFLU H1 HIGH TEMP 0,8KG","Order_Form_ID":"2e5ac458ae83ca1ab24adf75afddd1fb"},{"Customer_Name":"E","Calendar_week":37,"Amount":5.0,"PickAndPay":1,"Revenue":150.32,"Invoice_Date":"2018-09-10","Article_Number":"105337510","Article_Name":"PROFILED JOINT 20X25X637","Order_Form_ID":"2e5ac458ae83ca1ab24adf75afddd1fb"},{"Customer_Name":"E","Calendar_week":37,"Amount":1.0,"PickAndPay":1,"Revenue":27.21,"Invoice_Date":"2018-09-10","Article_Number":"100335702","Article_Name":"BACOMIN V42-50 UNIVERSAL 400ML","Order_Form_ID":"2e5ac458ae83ca1ab24adf75afddd1fb"},{"Customer_Name":"E","Calendar_week":37,"Amount":1.0,"PickAndPay":1,"Revenue":35.18,"Invoice_Date":"2018-09-10","Article_Number":"119826410","Article_Name":"STEAM HOSE 1\"X350MM","Order_Form_ID":"2e5ac458ae83ca1ab24adf75afddd1fb"},{"Customer_Name":"E","Calendar_week":37,"Amount":1.0,"PickAndPay":1,"Revenue":86.29,"Invoice_Date":"2018-09-10","Article_Number":"119957860","Article_Name":"STEAM HOSE 1\"X875MM -5\/+10","Order_Form_ID":"2e5ac458ae83ca1ab24adf75afddd1fb"},{"Customer_Name":"E","Calendar_week":37,"Amount":1.0,"PickAndPay":1,"Revenue":33.8,"Invoice_Date":"2018-09-10","Article_Number":"109612522","Article_Name":"SEALING LEDGE 5,5X65X2965","Order_Form_ID":"2e5ac458ae83ca1ab24adf75afddd1fb"},{"Customer_Name":"E","Calendar_week":37,"Amount":1.0,"PickAndPay":1,"Revenue":2473.27,"Invoice_Date":"2018-09-10","Article_Number":"V00000015","Article_Name":"PACKING CHARGES (BOX) 3130X410X310MM","Order_Form_ID":"2e5ac458ae83ca1ab24adf75afddd1fb"},{"Customer_Name":"E","Calendar_week":37,"Amount":1.0,"PickAndPay":1,"Revenue":197.86,"Invoice_Date":"2018-09-10","Article_Number":"110991005","Article_Name":"PACKING CHARGES (CARTON) 600X400X400","Order_Form_ID":"2e5ac458ae83ca1ab24adf75afddd1fb"},{"Customer_Name":"E","Calendar_week":37,"Amount":1.0,"PickAndPay":1,"Revenue":197.86,"Invoice_Date":"2018-09-10","Article_Number":"110991003","Article_Name":"PACKING CHARGES (CARTON) 360X360X250","Order_Form_ID":"2e5ac458ae83ca1ab24adf75afddd1fb"},{"Customer_Name":"E","Calendar_week":38,"Amount":5.0,"PickAndPay":0,"Revenue":1735.14,"Invoice_Date":"2018-09-20","Article_Number":"121606100","Article_Name":"RETURN SPRING","Order_Form_ID":"217508d7030538809e8ddcdcbe122ed5"},{"Customer_Name":"E","Calendar_week":38,"Amount":1.0,"PickAndPay":0,"Revenue":197.86,"Invoice_Date":"2018-09-20","Article_Number":"110991000","Article_Name":"PACKING CHARGES (CARTON) 200X200X80","Order_Form_ID":"217508d7030538809e8ddcdcbe122ed5"},{"Customer_Name":"E","Calendar_week":38,"Amount":200.0,"PickAndPay":1,"Revenue":7493.74,"Invoice_Date":"2018-09-21","Article_Number":"107833921","Article_Name":"HYSYN V32 FOOD H1 200L","Order_Form_ID":"46ea693771beee97b6223f1c09a86761"},{"Customer_Name":"E","Calendar_week":38,"Amount":1.0,"PickAndPay":1,"Revenue":412.21,"Invoice_Date":"2018-09-21","Article_Number":"V00000019","Article_Name":"PACKING CHARGES (EUR-PALLET) 1200X800X14","Order_Form_ID":"46ea693771beee97b6223f1c09a86761"},{"Customer_Name":"E","Calendar_week":39,"Amount":5.0,"PickAndPay":0,"Revenue":1778.56,"Invoice_Date":"2018-09-24","Article_Number":"121606101","Article_Name":"RETURN SPRING","Order_Form_ID":"7a488b6defd738c097a6fae4ee359046"},{"Customer_Name":"E","Calendar_week":39,"Amount":1.0,"PickAndPay":0,"Revenue":197.86,"Invoice_Date":"2018-09-24","Article_Number":"110991000","Article_Name":"PACKING CHARGES (CARTON) 200X200X80","Order_Form_ID":"7a488b6defd738c097a6fae4ee359046"},{"Customer_Name":"E","Calendar_week":39,"Amount":200.0,"PickAndPay":1,"Revenue":84640.88,"Invoice_Date":"2018-09-26","Article_Number":"107833921","Article_Name":"HYSYN V32 FOOD H1 200L","Order_Form_ID":"f9bc2165ec7ca4cf04db5f5b6ec6e81d"},{"Customer_Name":"E","Calendar_week":39,"Amount":4.0,"PickAndPay":1,"Revenue":132.46,"Invoice_Date":"2018-09-28","Article_Number":"111125600","Article_Name":"LEDGE 8X8X149","Order_Form_ID":"17c51e9df7c78ba74a7e416fb7af9cda"},{"Customer_Name":"E","Calendar_week":39,"Amount":4.0,"PickAndPay":1,"Revenue":83.54,"Invoice_Date":"2018-09-28","Article_Number":"111125400","Article_Name":"LEDGE 8X8X95","Order_Form_ID":"17c51e9df7c78ba74a7e416fb7af9cda"},{"Customer_Name":"E","Calendar_week":39,"Amount":12.0,"PickAndPay":1,"Revenue":87.11,"Invoice_Date":"2018-09-28","Article_Number":"111125702","Article_Name":"SPACER 40\/17X2","Order_Form_ID":"17c51e9df7c78ba74a7e416fb7af9cda"},{"Customer_Name":"E","Calendar_week":39,"Amount":12.0,"PickAndPay":1,"Revenue":32.7,"Invoice_Date":"2018-09-28","Article_Number":"106566766","Article_Name":"LOCKING PLATE FUER D=16","Order_Form_ID":"17c51e9df7c78ba74a7e416fb7af9cda"},{"Customer_Name":"E","Calendar_week":39,"Amount":1.0,"PickAndPay":1,"Revenue":197.86,"Invoice_Date":"2018-09-28","Article_Number":"110991000","Article_Name":"PACKING CHARGES (CARTON) 200X200X80","Order_Form_ID":"17c51e9df7c78ba74a7e416fb7af9cda"},{"Customer_Name":"E","Calendar_week":40,"Amount":1.0,"PickAndPay":0,"Revenue":53587.57,"Invoice_Date":"2018-10-01","Article_Number":"851032916","Article_Name":"HELICAL GEARED MOTOR 5,2KW 120NM","Order_Form_ID":"355c508058de0edc60e67157e1753a29"},{"Customer_Name":"E","Calendar_week":40,"Amount":1.0,"PickAndPay":0,"Revenue":10399.56,"Invoice_Date":"2018-10-01","Article_Number":"P030FR001","Article_Name":"FREIGHT CHARGES","Order_Form_ID":"355c508058de0edc60e67157e1753a29"},{"Customer_Name":"E","Calendar_week":40,"Amount":12.0,"PickAndPay":1,"Revenue":2525.21,"Invoice_Date":"2018-10-02","Article_Number":"126292402","Article_Name":"BRUSH ROLL SEGMENT 300X203X216MM","Order_Form_ID":"893642f9e0c79399e38c71a587b740e4"},{"Customer_Name":"E","Calendar_week":40,"Amount":1.0,"PickAndPay":1,"Revenue":11.82,"Invoice_Date":"2018-10-02","Article_Number":"150697601","Article_Name":"PNEUMATIC CYLINDER 25X 40","Order_Form_ID":"893642f9e0c79399e38c71a587b740e4"},{"Customer_Name":"E","Calendar_week":40,"Amount":100.0,"PickAndPay":1,"Revenue":19.79,"Invoice_Date":"2018-10-02","Article_Number":"107254210","Article_Name":"FELT 46X35X10MM","Order_Form_ID":"893642f9e0c79399e38c71a587b740e4"},{"Customer_Name":"E","Calendar_week":40,"Amount":10.0,"PickAndPay":1,"Revenue":504.55,"Invoice_Date":"2018-10-02","Article_Number":"105303998","Article_Name":"DISC CUT KNIFE 240X1,2MM,28°","Order_Form_ID":"893642f9e0c79399e38c71a587b740e4"},{"Customer_Name":"E","Calendar_week":40,"Amount":1.0,"PickAndPay":1,"Revenue":1126.71,"Invoice_Date":"2018-10-02","Article_Number":"110680200","Article_Name":"PACKING CHARGES (PAL-BOX II) 1070X710X52","Order_Form_ID":"893642f9e0c79399e38c71a587b740e4"},{"Customer_Name":"E","Calendar_week":40,"Amount":12.0,"PickAndPay":1,"Revenue":65574.7,"Invoice_Date":"2018-10-02","Article_Number":"126292402","Article_Name":"BRUSH ROLL SEGMENT 300X203X216MM","Order_Form_ID":"bc477edc9016f80ac55a82ec607d9aee"},{"Customer_Name":"E","Calendar_week":40,"Amount":1.0,"PickAndPay":1,"Revenue":4878.12,"Invoice_Date":"2018-10-02","Article_Number":"150697601","Article_Name":"PNEUMATIC CYLINDER 25X 40","Order_Form_ID":"bc477edc9016f80ac55a82ec607d9aee"},{"Customer_Name":"E","Calendar_week":40,"Amount":100.0,"PickAndPay":1,"Revenue":1919.26,"Invoice_Date":"2018-10-02","Article_Number":"107254210","Article_Name":"FELT 46X35X10MM","Order_Form_ID":"bc477edc9016f80ac55a82ec607d9aee"},{"Customer_Name":"E","Calendar_week":40,"Amount":10.0,"PickAndPay":1,"Revenue":54645.58,"Invoice_Date":"2018-10-02","Article_Number":"105303998","Article_Name":"DISC CUT KNIFE 240X1,2MM,28°","Order_Form_ID":"bc477edc9016f80ac55a82ec607d9aee"},{"Customer_Name":"E","Calendar_week":41,"Amount":1.0,"PickAndPay":0,"Revenue":39050.23,"Invoice_Date":"2018-10-08","Article_Number":"123844663","Article_Name":"THREE-PHASE MOTOR 3,9KW\/400V\/87HZ\/8,6A","Order_Form_ID":"eb59f444f1c558f43ad389b2699a842b"},{"Customer_Name":"E","Calendar_week":41,"Amount":1.0,"PickAndPay":0,"Revenue":6650.36,"Invoice_Date":"2018-10-08","Article_Number":"105207600","Article_Name":"TOOTHED BELT AT 50X10X2240","Order_Form_ID":"eb59f444f1c558f43ad389b2699a842b"},{"Customer_Name":"E","Calendar_week":41,"Amount":1.0,"PickAndPay":0,"Revenue":4067.16,"Invoice_Date":"2018-10-08","Article_Number":"125511600","Article_Name":"TOOTHED DISK LS70AT10\/32-2","Order_Form_ID":"eb59f444f1c558f43ad389b2699a842b"},{"Customer_Name":"E","Calendar_week":41,"Amount":1.0,"PickAndPay":0,"Revenue":6842.72,"Invoice_Date":"2018-10-08","Article_Number":"185857900","Article_Name":"PIVOT RD 50X150,5LG","Order_Form_ID":"eb59f444f1c558f43ad389b2699a842b"},{"Customer_Name":"E","Calendar_week":41,"Amount":1.0,"PickAndPay":0,"Revenue":39.57,"Invoice_Date":"2018-10-08","Article_Number":"126057","Article_Name":"KEY A 12X 8X 63","Order_Form_ID":"eb59f444f1c558f43ad389b2699a842b"},{"Customer_Name":"E","Calendar_week":41,"Amount":2.0,"PickAndPay":0,"Revenue":40.67,"Invoice_Date":"2018-10-08","Article_Number":"119016","Article_Name":"THREADED PIN M8X20","Order_Form_ID":"eb59f444f1c558f43ad389b2699a842b"},{"Customer_Name":"E","Calendar_week":41,"Amount":1.0,"PickAndPay":0,"Revenue":20.34,"Invoice_Date":"2018-10-08","Article_Number":"126024","Article_Name":"KEY A  8X 7X 50","Order_Form_ID":"eb59f444f1c558f43ad389b2699a842b"},{"Customer_Name":"E","Calendar_week":41,"Amount":1.0,"PickAndPay":0,"Revenue":1319.08,"Invoice_Date":"2018-10-08","Article_Number":"147331700","Article_Name":"SPACER RING RD50X8","Order_Form_ID":"eb59f444f1c558f43ad389b2699a842b"},{"Customer_Name":"E","Calendar_week":41,"Amount":1.0,"PickAndPay":0,"Revenue":39.57,"Invoice_Date":"2018-10-08","Article_Number":"118445","Article_Name":"CHEESE-HEAD SCREW M10X100","Order_Form_ID":"eb59f444f1c558f43ad389b2699a842b"},{"Customer_Name":"E","Calendar_week":41,"Amount":1.0,"PickAndPay":0,"Revenue":10399.56,"Invoice_Date":"2018-10-08","Article_Number":"P030FR001","Article_Name":"FREIGHT CHARGES","Order_Form_ID":"eb59f444f1c558f43ad389b2699a842b"},{"Customer_Name":"E","Calendar_week":41,"Amount":1.0,"PickAndPay":0,"Revenue":5496.16,"Invoice_Date":"2018-10-08","Article_Number":"P030SF002","Article_Name":"EXTRA COSTS SPECIALTRANSTPORT","Order_Form_ID":"eb59f444f1c558f43ad389b2699a842b"},{"Customer_Name":"E","Calendar_week":41,"Amount":200.0,"PickAndPay":1,"Revenue":84640.88,"Invoice_Date":"2018-10-09","Article_Number":"107833921","Article_Name":"HYSYN V32 FOOD H1 200L","Order_Form_ID":"481c73040eeebdb6083b637b7f3ec113"},{"Customer_Name":"E","Calendar_week":41,"Amount":4.0,"PickAndPay":1,"Revenue":44299.06,"Invoice_Date":"2018-10-09","Article_Number":"140172800","Article_Name":"FILTER ELEMENT FÜR 50\/60HZ","Order_Form_ID":"481c73040eeebdb6083b637b7f3ec113"},{"Customer_Name":"E","Calendar_week":41,"Amount":4.0,"PickAndPay":1,"Revenue":571.6,"Invoice_Date":"2018-10-09","Article_Number":"155999","Article_Name":"BUSH 40X 44X 20","Order_Form_ID":"481c73040eeebdb6083b637b7f3ec113"},{"Customer_Name":"E","Calendar_week":41,"Amount":7.0,"PickAndPay":1,"Revenue":14042.69,"Invoice_Date":"2018-10-09","Article_Number":"181302","Article_Name":"SEALING RING 89,1X59,7X19,5 MM","Order_Form_ID":"481c73040eeebdb6083b637b7f3ec113"},{"Customer_Name":"E","Calendar_week":41,"Amount":24.0,"PickAndPay":1,"Revenue":488.06,"Invoice_Date":"2018-10-09","Article_Number":"181817","Article_Name":"PLATE SPRING 40,0X20,4X1,00","Order_Form_ID":"481c73040eeebdb6083b637b7f3ec113"},{"Customer_Name":"E","Calendar_week":41,"Amount":4.0,"PickAndPay":1,"Revenue":1154.19,"Invoice_Date":"2018-10-09","Article_Number":"100860700","Article_Name":"BUSH 50X55X30","Order_Form_ID":"481c73040eeebdb6083b637b7f3ec113"},{"Customer_Name":"E","Calendar_week":41,"Amount":20.0,"PickAndPay":1,"Revenue":2198.46,"Invoice_Date":"2018-10-09","Article_Number":"100868100","Article_Name":"RUBBER PROFILE 18.5X21.5, PACKING UNIT:","Order_Form_ID":"481c73040eeebdb6083b637b7f3ec113"},{"Customer_Name":"E","Calendar_week":41,"Amount":6.0,"PickAndPay":1,"Revenue":489.71,"Invoice_Date":"2018-10-09","Article_Number":"101951401","Article_Name":"RUBBER EDGE 5X75X35","Order_Form_ID":"481c73040eeebdb6083b637b7f3ec113"},{"Customer_Name":"E","Calendar_week":41,"Amount":1.0,"PickAndPay":1,"Revenue":763.97,"Invoice_Date":"2018-10-09","Article_Number":"102590601","Article_Name":"SERVICE-SET G1\/4 - 63X20","Order_Form_ID":"481c73040eeebdb6083b637b7f3ec113"},{"Customer_Name":"E","Calendar_week":41,"Amount":33.0,"PickAndPay":1,"Revenue":2702.46,"Invoice_Date":"2018-10-09","Article_Number":"103373900","Article_Name":"FOIL 40 BR. 0,25 ST","Order_Form_ID":"481c73040eeebdb6083b637b7f3ec113"},{"Customer_Name":"E","Calendar_week":41,"Amount":1.0,"PickAndPay":1,"Revenue":2006.1,"Invoice_Date":"2018-10-09","Article_Number":"103423950","Article_Name":"RUBBER PLATE 200X3X2900","Order_Form_ID":"481c73040eeebdb6083b637b7f3ec113"},{"Customer_Name":"E","Calendar_week":41,"Amount":6.0,"PickAndPay":1,"Revenue":840.91,"Invoice_Date":"2018-10-09","Article_Number":"104212300","Article_Name":"O-RING 240,00X5,00","Order_Form_ID":"481c73040eeebdb6083b637b7f3ec113"},{"Customer_Name":"E","Calendar_week":41,"Amount":32.0,"PickAndPay":1,"Revenue":18027.41,"Invoice_Date":"2018-10-09","Article_Number":"104581510","Article_Name":"BRAKE LINING","Order_Form_ID":"481c73040eeebdb6083b637b7f3ec113"},{"Customer_Name":"E","Calendar_week":41,"Amount":4.0,"PickAndPay":1,"Revenue":571.6,"Invoice_Date":"2018-10-09","Article_Number":"107408700","Article_Name":"FLAT SPRING 0,8X10X56","Order_Form_ID":"481c73040eeebdb6083b637b7f3ec113"},{"Customer_Name":"E","Calendar_week":41,"Amount":6.0,"PickAndPay":1,"Revenue":857.4,"Invoice_Date":"2018-10-09","Article_Number":"107408701","Article_Name":"FLAT SPRING 0,8X10X33,5","Order_Form_ID":"481c73040eeebdb6083b637b7f3ec113"},{"Customer_Name":"E","Calendar_week":41,"Amount":1.0,"PickAndPay":1,"Revenue":60237.93,"Invoice_Date":"2018-10-09","Article_Number":"107938800","Article_Name":"TACHOGENERATOR 60V-1000UPM","Order_Form_ID":"481c73040eeebdb6083b637b7f3ec113"},{"Customer_Name":"E","Calendar_week":41,"Amount":1.0,"PickAndPay":1,"Revenue":12009.11,"Invoice_Date":"2018-10-09","Article_Number":"108214400","Article_Name":"V-BELT, CORDED L=3493","Order_Form_ID":"481c73040eeebdb6083b637b7f3ec113"},{"Customer_Name":"E","Calendar_week":41,"Amount":4.0,"PickAndPay":1,"Revenue":11541.94,"Invoice_Date":"2018-10-09","Article_Number":"108224010","Article_Name":"SEAL 10X245X223,5","Order_Form_ID":"481c73040eeebdb6083b637b7f3ec113"},{"Customer_Name":"E","Calendar_week":41,"Amount":4.0,"PickAndPay":1,"Revenue":9123.63,"Invoice_Date":"2018-10-09","Article_Number":"108224110","Article_Name":"SEAL 10X173X100,5","Order_Form_ID":"481c73040eeebdb6083b637b7f3ec113"},{"Customer_Name":"E","Calendar_week":41,"Amount":4.0,"PickAndPay":1,"Revenue":11541.94,"Invoice_Date":"2018-10-09","Article_Number":"108224310","Article_Name":"SEAL 15X175X71  CUZN","Order_Form_ID":"481c73040eeebdb6083b637b7f3ec113"},{"Customer_Name":"E","Calendar_week":41,"Amount":9.0,"PickAndPay":1,"Revenue":734.56,"Invoice_Date":"2018-10-09","Article_Number":"109611300","Article_Name":"PRESSURE SPRING 1,50X10,5X55,0","Order_Form_ID":"481c73040eeebdb6083b637b7f3ec113"},{"Customer_Name":"E","Calendar_week":41,"Amount":2.0,"PickAndPay":1,"Revenue":28689.96,"Invoice_Date":"2018-10-09","Article_Number":"109649600","Article_Name":"MEASURING WHEEL 159\/12X50","Order_Form_ID":"481c73040eeebdb6083b637b7f3ec113"},{"Customer_Name":"E","Calendar_week":41,"Amount":1.0,"PickAndPay":1,"Revenue":98.93,"Invoice_Date":"2018-10-09","Article_Number":"112493000","Article_Name":"ROUND FOAM RUBBER PROFILE D=6\/-0,5","Order_Form_ID":"481c73040eeebdb6083b637b7f3ec113"},{"Customer_Name":"E","Calendar_week":41,"Amount":1.0,"PickAndPay":1,"Revenue":13080.86,"Invoice_Date":"2018-10-09","Article_Number":"112563899","Article_Name":"SEALING 23X100X256LG","Order_Form_ID":"481c73040eeebdb6083b637b7f3ec113"},{"Customer_Name":"E","Calendar_week":41,"Amount":1.0,"PickAndPay":1,"Revenue":288.55,"Invoice_Date":"2018-10-09","Article_Number":"114816800","Article_Name":"SEALING LEDGE 5,5X15X160LG","Order_Form_ID":"481c73040eeebdb6083b637b7f3ec113"},{"Customer_Name":"E","Calendar_week":41,"Amount":4.0,"PickAndPay":1,"Revenue":7035.09,"Invoice_Date":"2018-10-09","Article_Number":"118550401","Article_Name":"RADIAL BALL BEARING 95X120X13","Order_Form_ID":"481c73040eeebdb6083b637b7f3ec113"},{"Customer_Name":"E","Calendar_week":41,"Amount":2.0,"PickAndPay":1,"Revenue":15609.1,"Invoice_Date":"2018-10-09","Article_Number":"122560402","Article_Name":"SET OF SPARE PARTS","Order_Form_ID":"481c73040eeebdb6083b637b7f3ec113"},{"Customer_Name":"E","Calendar_week":41,"Amount":1.0,"PickAndPay":1,"Revenue":989.31,"Invoice_Date":"2018-10-09","Article_Number":"138378900","Article_Name":"NAIL BAR 20X8X203,5","Order_Form_ID":"481c73040eeebdb6083b637b7f3ec113"},{"Customer_Name":"E","Calendar_week":41,"Amount":21.0,"PickAndPay":1,"Revenue":45590.66,"Invoice_Date":"2018-10-09","Article_Number":"144934001","Article_Name":"EXPANDED RUBBER DISK D 335 MM","Order_Form_ID":"481c73040eeebdb6083b637b7f3ec113"},{"Customer_Name":"E","Calendar_week":41,"Amount":20.0,"PickAndPay":1,"Revenue":6210.66,"Invoice_Date":"2018-10-09","Article_Number":"144936900","Article_Name":"EXPANDED RUBBER DISK D200\/86X70","Order_Form_ID":"481c73040eeebdb6083b637b7f3ec113"},{"Customer_Name":"E","Calendar_week":41,"Amount":9.0,"PickAndPay":1,"Revenue":3141.06,"Invoice_Date":"2018-10-09","Article_Number":"181300.02","Article_Name":"SEAL D116X99X2","Order_Form_ID":"481c73040eeebdb6083b637b7f3ec113"},{"Customer_Name":"E","Calendar_week":42,"Amount":1.0,"PickAndPay":0,"Revenue":13993.78,"Invoice_Date":"2018-10-16","Article_Number":"182608702","Article_Name":"PRESSURE CONTROL VALVE G1\/4 - QN1000","Order_Form_ID":"8222899b265eb41834cddad7bebb6054"},{"Customer_Name":"E","Calendar_week":42,"Amount":1.0,"PickAndPay":0,"Revenue":197.86,"Invoice_Date":"2018-10-16","Article_Number":"110991000","Article_Name":"PACKING CHARGES (CARTON) 200X200X80","Order_Form_ID":"8222899b265eb41834cddad7bebb6054"},{"Customer_Name":"E","Calendar_week":42,"Amount":2.0,"PickAndPay":1,"Revenue":76.67,"Invoice_Date":"2018-10-19","Article_Number":"150015","Article_Name":"FLAT PACKING 41X55X2","Order_Form_ID":"7cad7ad179cdae4639e15fe1325129a4"},{"Customer_Name":"E","Calendar_week":42,"Amount":4.0,"PickAndPay":1,"Revenue":1674.13,"Invoice_Date":"2018-10-19","Article_Number":"114519400","Article_Name":"SUPPORT RING SG38.8X45X1.4G","Order_Form_ID":"7cad7ad179cdae4639e15fe1325129a4"},{"Customer_Name":"E","Calendar_week":42,"Amount":150.0,"PickAndPay":1,"Revenue":2878.89,"Invoice_Date":"2018-10-19","Article_Number":"107254210","Article_Name":"FELT 46X35X10MM","Order_Form_ID":"7cad7ad179cdae4639e15fe1325129a4"},{"Customer_Name":"E","Calendar_week":42,"Amount":28.0,"PickAndPay":1,"Revenue":15300.76,"Invoice_Date":"2018-10-19","Article_Number":"136481820","Article_Name":"NO-CRUSH-ROLLER 180X65X50","Order_Form_ID":"7cad7ad179cdae4639e15fe1325129a4"},{"Customer_Name":"E","Calendar_week":42,"Amount":1.0,"PickAndPay":1,"Revenue":4371.65,"Invoice_Date":"2018-10-19","Article_Number":"119958260","Article_Name":"STEAM HOSE 1 1\/4\"X930MM","Order_Form_ID":"7cad7ad179cdae4639e15fe1325129a4"},{"Customer_Name":"E","Calendar_week":42,"Amount":1.0,"PickAndPay":1,"Revenue":334937.44,"Invoice_Date":"2018-10-19","Article_Number":"150337628","Article_Name":"PRESSURE BELT II-QUALITY 2860X 2930","Order_Form_ID":"7cad7ad179cdae4639e15fe1325129a4"},{"Customer_Name":"E","Calendar_week":42,"Amount":2.0,"PickAndPay":1,"Revenue":842.29,"Invoice_Date":"2018-10-19","Article_Number":"131672130","Article_Name":"O-RING 37,69X3,53","Order_Form_ID":"7cad7ad179cdae4639e15fe1325129a4"},{"Customer_Name":"E","Calendar_week":42,"Amount":25.0,"PickAndPay":1,"Revenue":10929.12,"Invoice_Date":"2018-10-19","Article_Number":"107440100","Article_Name":"NAP FOIL 120 MM BR\/25 M","Order_Form_ID":"7cad7ad179cdae4639e15fe1325129a4"},{"Customer_Name":"E","Calendar_week":42,"Amount":3.0,"PickAndPay":1,"Revenue":10955.77,"Invoice_Date":"2018-10-19","Article_Number":"199825802","Article_Name":"PERFLU H1 HIGH TEMP 0,8KG","Order_Form_ID":"7cad7ad179cdae4639e15fe1325129a4"},{"Customer_Name":"E","Calendar_week":42,"Amount":5.0,"PickAndPay":1,"Revenue":9729.58,"Invoice_Date":"2018-10-19","Article_Number":"105337510","Article_Name":"PROFILED JOINT 20X25X637","Order_Form_ID":"7cad7ad179cdae4639e15fe1325129a4"},{"Customer_Name":"E","Calendar_week":42,"Amount":1.0,"PickAndPay":1,"Revenue":2505.7,"Invoice_Date":"2018-10-19","Article_Number":"100335702","Article_Name":"BACOMIN V42-50 UNIVERSAL 400ML","Order_Form_ID":"7cad7ad179cdae4639e15fe1325129a4"},{"Customer_Name":"E","Calendar_week":42,"Amount":1.0,"PickAndPay":1,"Revenue":2105.85,"Invoice_Date":"2018-10-19","Article_Number":"119826410","Article_Name":"STEAM HOSE 1\"X350MM","Order_Form_ID":"7cad7ad179cdae4639e15fe1325129a4"},{"Customer_Name":"E","Calendar_week":42,"Amount":1.0,"PickAndPay":1,"Revenue":4185.05,"Invoice_Date":"2018-10-19","Article_Number":"119957860","Article_Name":"STEAM HOSE 1\"X875MM -5\/+10","Order_Form_ID":"7cad7ad179cdae4639e15fe1325129a4"},{"Customer_Name":"E","Calendar_week":42,"Amount":1.0,"PickAndPay":1,"Revenue":1412.79,"Invoice_Date":"2018-10-19","Article_Number":"109612522","Article_Name":"SEALING LEDGE 5,5X65X2965","Order_Form_ID":"7cad7ad179cdae4639e15fe1325129a4"},{"Customer_Name":"E","Calendar_week":43,"Amount":2.0,"PickAndPay":0,"Revenue":7533.86,"Invoice_Date":"2018-10-23","Article_Number":"160592600","Article_Name":"ROD END M27X2-J30","Order_Form_ID":"8b2bf9b773a3a0d01747f384bbcb2814"},{"Customer_Name":"E","Calendar_week":43,"Amount":2.0,"PickAndPay":0,"Revenue":39232.15,"Invoice_Date":"2018-10-23","Article_Number":"193238200","Article_Name":"PNEUMATIC CYLINDER 125X400-G1\/2 DW","Order_Form_ID":"8b2bf9b773a3a0d01747f384bbcb2814"},{"Customer_Name":"E","Calendar_week":43,"Amount":2.0,"PickAndPay":0,"Revenue":12249.29,"Invoice_Date":"2018-10-23","Article_Number":"851030453","Article_Name":"REPAIRING KIT","Order_Form_ID":"8b2bf9b773a3a0d01747f384bbcb2814"},{"Customer_Name":"E","Calendar_week":43,"Amount":2.0,"PickAndPay":0,"Revenue":395.72,"Invoice_Date":"2018-10-23","Article_Number":"110991006","Article_Name":"PACKING CHARGES (CARTON) 700X200X200","Order_Form_ID":"8b2bf9b773a3a0d01747f384bbcb2814"},{"Customer_Name":"E","Calendar_week":45,"Amount":1.0,"PickAndPay":1,"Revenue":1626.04,"Invoice_Date":"2018-11-05","Article_Number":"111125199","Article_Name":"GLUE DAM JOINT 3X128X197","Order_Form_ID":"4ff05c1f365c1facd6641f53c9539f7d"},{"Customer_Name":"E","Calendar_week":45,"Amount":2.0,"PickAndPay":1,"Revenue":5011.4,"Invoice_Date":"2018-11-05","Article_Number":"100335702","Article_Name":"BACOMIN V42-50 UNIVERSAL 400ML","Order_Form_ID":"4ff05c1f365c1facd6641f53c9539f7d"},{"Customer_Name":"E","Calendar_week":45,"Amount":2.0,"PickAndPay":1,"Revenue":1124.79,"Invoice_Date":"2018-11-05","Article_Number":"111125600","Article_Name":"LEDGE 8X8X149","Order_Form_ID":"4ff05c1f365c1facd6641f53c9539f7d"},{"Customer_Name":"E","Calendar_week":45,"Amount":6.0,"PickAndPay":1,"Revenue":8060.94,"Invoice_Date":"2018-11-05","Article_Number":"105406991","Article_Name":"GRINDING WHEEL 50X11X19MM","Order_Form_ID":"4ff05c1f365c1facd6641f53c9539f7d"},{"Customer_Name":"E","Calendar_week":45,"Amount":200.0,"PickAndPay":1,"Revenue":3838.52,"Invoice_Date":"2018-11-05","Article_Number":"107254210","Article_Name":"FELT 46X35X10MM","Order_Form_ID":"4ff05c1f365c1facd6641f53c9539f7d"},{"Customer_Name":"E","Calendar_week":45,"Amount":11.0,"PickAndPay":1,"Revenue":60110.14,"Invoice_Date":"2018-11-05","Article_Number":"105303998","Article_Name":"DISC CUT KNIFE 240X1,2MM,28°","Order_Form_ID":"4ff05c1f365c1facd6641f53c9539f7d"},{"Customer_Name":"E","Calendar_week":45,"Amount":1.0,"PickAndPay":1,"Revenue":4371.65,"Invoice_Date":"2018-11-05","Article_Number":"119958260","Article_Name":"STEAM HOSE 1 1\/4\"X930MM","Order_Form_ID":"4ff05c1f365c1facd6641f53c9539f7d"},{"Customer_Name":"E","Calendar_week":45,"Amount":5.0,"PickAndPay":1,"Revenue":395.72,"Invoice_Date":"2018-11-05","Article_Number":"111125702","Article_Name":"SPACER 40\/17X2","Order_Form_ID":"4ff05c1f365c1facd6641f53c9539f7d"},{"Customer_Name":"E","Calendar_week":45,"Amount":2.0,"PickAndPay":1,"Revenue":5597.84,"Invoice_Date":"2018-11-05","Article_Number":"111125303","Article_Name":"GLUE DAM JOINT 3X260X220","Order_Form_ID":"4ff05c1f365c1facd6641f53c9539f7d"},{"Customer_Name":"E","Calendar_week":45,"Amount":2.0,"PickAndPay":1,"Revenue":1124.79,"Invoice_Date":"2018-11-05","Article_Number":"111125400","Article_Name":"LEDGE 8X8X95","Order_Form_ID":"4ff05c1f365c1facd6641f53c9539f7d"},{"Customer_Name":"E","Calendar_week":45,"Amount":1.0,"PickAndPay":1,"Revenue":3651.92,"Invoice_Date":"2018-11-05","Article_Number":"199825802","Article_Name":"PERFLU H1 HIGH TEMP 0,8KG","Order_Form_ID":"4ff05c1f365c1facd6641f53c9539f7d"},{"Customer_Name":"E","Calendar_week":45,"Amount":6.0,"PickAndPay":1,"Revenue":502.07,"Invoice_Date":"2018-11-05","Article_Number":"106566766","Article_Name":"LOCKING PLATE FUER D=16","Order_Form_ID":"4ff05c1f365c1facd6641f53c9539f7d"},{"Customer_Name":"E","Calendar_week":45,"Amount":1.0,"PickAndPay":1,"Revenue":3092.14,"Invoice_Date":"2018-11-05","Article_Number":"105407210","Article_Name":"TOOTHED BELT 29,5X 8X 640","Order_Form_ID":"4ff05c1f365c1facd6641f53c9539f7d"},{"Customer_Name":"E","Calendar_week":45,"Amount":7.0,"PickAndPay":0,"Revenue":9452.02,"Invoice_Date":"2018-11-09","Article_Number":"103560708","Article_Name":"BELT 80X3X1330","Order_Form_ID":"88b5d57d28142e409ddd4a36bac93133"},{"Customer_Name":"E","Calendar_week":45,"Amount":6.0,"PickAndPay":0,"Revenue":11871.16,"Invoice_Date":"2018-11-09","Article_Number":"103560703","Article_Name":"BELT 80X2450X3","Order_Form_ID":"88b5d57d28142e409ddd4a36bac93133"},{"Customer_Name":"E","Calendar_week":45,"Amount":7.0,"PickAndPay":0,"Revenue":10979.41,"Invoice_Date":"2018-11-09","Article_Number":"103560705","Article_Name":"BELT 80X1720X 3","Order_Form_ID":"88b5d57d28142e409ddd4a36bac93133"},{"Customer_Name":"E","Calendar_week":45,"Amount":6.0,"PickAndPay":0,"Revenue":11552.38,"Invoice_Date":"2018-11-09","Article_Number":"103560727","Article_Name":"BELT 80X3X2530,0","Order_Form_ID":"88b5d57d28142e409ddd4a36bac93133"},{"Customer_Name":"E","Calendar_week":45,"Amount":1.0,"PickAndPay":0,"Revenue":197.86,"Invoice_Date":"2018-11-09","Article_Number":"110991004","Article_Name":"PACKING CHARGES (CARTON) 610X410X230","Order_Form_ID":"88b5d57d28142e409ddd4a36bac93133"},{"Customer_Name":"E","Calendar_week":45,"Amount":1.0,"PickAndPay":0,"Revenue":60685.59,"Invoice_Date":"2018-11-09","Article_Number":"107938800","Article_Name":"TACHOGENERATOR 60V-1000UPM","Order_Form_ID":"d1ffd38a4fad806c2f221f1e971bc073"},{"Customer_Name":"E","Calendar_week":45,"Amount":1.0,"PickAndPay":0,"Revenue":197.86,"Invoice_Date":"2018-11-09","Article_Number":"110991003","Article_Name":"PACKING CHARGES (CARTON) 360X360X250","Order_Form_ID":"d1ffd38a4fad806c2f221f1e971bc073"},{"Customer_Name":"E","Calendar_week":46,"Amount":1.0,"PickAndPay":0,"Revenue":27503.89,"Invoice_Date":"2018-11-12","Article_Number":"112540505","Article_Name":"3\/2-WAY-BALL COCK 1 1\/2\" DN40 -22220E","Order_Form_ID":"fcde3d6f26bdb17c11406272e2112a3e"},{"Customer_Name":"E","Calendar_week":46,"Amount":1.0,"PickAndPay":0,"Revenue":197.86,"Invoice_Date":"2018-11-12","Article_Number":"110991002","Article_Name":"PACKING CHARGES (CARTON) 300X300X200","Order_Form_ID":"fcde3d6f26bdb17c11406272e2112a3e"},{"Customer_Name":"E","Calendar_week":46,"Amount":1.0,"PickAndPay":0,"Revenue":23969.31,"Invoice_Date":"2018-11-14","Article_Number":"171596","Article_Name":"TACHOGENERATOR 60V\/1000UPM\/56KW","Order_Form_ID":"04c685691db800da273e9336c93fef94"},{"Customer_Name":"E","Calendar_week":46,"Amount":1.0,"PickAndPay":0,"Revenue":197.86,"Invoice_Date":"2018-11-14","Article_Number":"110991001","Article_Name":"PACKING CHARGES (CARTON) 200X200X150","Order_Form_ID":"04c685691db800da273e9336c93fef94"},{"Customer_Name":"E","Calendar_week":47,"Amount":1.0,"PickAndPay":0,"Revenue":2777.76,"Invoice_Date":"2018-11-21","Article_Number":"143203401","Article_Name":"FLANGED BEARING HOUSING","Order_Form_ID":"0fe454387103abc927f30cfa1a5a3e2a"},{"Customer_Name":"E","Calendar_week":47,"Amount":1.0,"PickAndPay":0,"Revenue":3107.8,"Invoice_Date":"2018-11-21","Article_Number":"143203501","Article_Name":"FLANGED BEARING HOUSING","Order_Form_ID":"0fe454387103abc927f30cfa1a5a3e2a"},{"Customer_Name":"E","Calendar_week":47,"Amount":2.0,"PickAndPay":0,"Revenue":172.58,"Invoice_Date":"2018-11-21","Article_Number":"138855","Article_Name":"CONICAL GREASE NIPPLE R1\/8, 1\/8 BSP","Order_Form_ID":"0fe454387103abc927f30cfa1a5a3e2a"},{"Customer_Name":"E","Calendar_week":47,"Amount":1.0,"PickAndPay":0,"Revenue":197.86,"Invoice_Date":"2018-11-21","Article_Number":"110991001","Article_Name":"PACKING CHARGES (CARTON) 200X200X150","Order_Form_ID":"0fe454387103abc927f30cfa1a5a3e2a"},{"Customer_Name":"E","Calendar_week":47,"Amount":7.0,"PickAndPay":0,"Revenue":11493.02,"Invoice_Date":"2018-11-22","Article_Number":"103560705","Article_Name":"BELT 80X1720X 3","Order_Form_ID":"8f9f232a32cf2c8d02c8ec0a02bf666f"},{"Customer_Name":"E","Calendar_week":47,"Amount":1.0,"PickAndPay":0,"Revenue":197.86,"Invoice_Date":"2018-11-22","Article_Number":"110991002","Article_Name":"PACKING CHARGES (CARTON) 300X300X200","Order_Form_ID":"8f9f232a32cf2c8d02c8ec0a02bf666f"},{"Customer_Name":"E","Calendar_week":47,"Amount":6.0,"PickAndPay":0,"Revenue":12042.64,"Invoice_Date":"2018-11-22","Article_Number":"103560727","Article_Name":"BELT 80X3X2530,0","Order_Form_ID":"2b2d02ae9e9b7399e7c15c1904875777"},{"Customer_Name":"E","Calendar_week":47,"Amount":1.0,"PickAndPay":0,"Revenue":197.86,"Invoice_Date":"2018-11-22","Article_Number":"118308700","Article_Name":"PACKING CHARGES (CARTON) 330X163X172 MM","Order_Form_ID":"2b2d02ae9e9b7399e7c15c1904875777"},{"Customer_Name":"E","Calendar_week":48,"Amount":7.0,"PickAndPay":0,"Revenue":9954.1,"Invoice_Date":"2018-11-26","Article_Number":"103560708","Article_Name":"BELT 80X3X1330","Order_Form_ID":"18f5c256004676a8eac5de3ae45d3266"},{"Customer_Name":"E","Calendar_week":48,"Amount":1.0,"PickAndPay":0,"Revenue":197.86,"Invoice_Date":"2018-11-26","Article_Number":"110991002","Article_Name":"PACKING CHARGES (CARTON) 300X300X200","Order_Form_ID":"18f5c256004676a8eac5de3ae45d3266"},{"Customer_Name":"E","Calendar_week":48,"Amount":6.0,"PickAndPay":0,"Revenue":12372.41,"Invoice_Date":"2018-11-27","Article_Number":"103560703","Article_Name":"BELT 80X2450X3","Order_Form_ID":"ca2920c6a341ae15d1d7956d0f52f0ab"},{"Customer_Name":"E","Calendar_week":48,"Amount":1.0,"PickAndPay":0,"Revenue":197.86,"Invoice_Date":"2018-11-27","Article_Number":"110991002","Article_Name":"PACKING CHARGES (CARTON) 300X300X200","Order_Form_ID":"ca2920c6a341ae15d1d7956d0f52f0ab"},{"Customer_Name":"E","Calendar_week":48,"Amount":1.0,"PickAndPay":0,"Revenue":20445.72,"Invoice_Date":"2018-11-28","Article_Number":"BSP3000012","Article_Name":"Spare Part Repair","Order_Form_ID":"c7b98a775ea4d77c8013ae171e2e2b95"},{"Customer_Name":"E","Calendar_week":48,"Amount":1.0,"PickAndPay":0,"Revenue":447.66,"Invoice_Date":"2018-11-28","Article_Number":"P030FR001","Article_Name":"FREIGHT CHARGES","Order_Form_ID":"c7b98a775ea4d77c8013ae171e2e2b95"},{"Customer_Name":"E","Calendar_week":48,"Amount":-1.0,"PickAndPay":0,"Revenue":-60237.93,"Invoice_Date":"2018-11-29","Article_Number":"107938800","Article_Name":"TACHOGENERATOR 60V-1000UPM","Order_Form_ID":"63b4cb62d0b1b1c95ec0ad959863c474"},{"Customer_Name":"E","Calendar_week":48,"Amount":-1.0,"PickAndPay":0,"Revenue":-197.86,"Invoice_Date":"2018-11-29","Article_Number":"110991003","Article_Name":"PACKING CHARGES (CARTON) 360X360X250","Order_Form_ID":"63b4cb62d0b1b1c95ec0ad959863c474"},{"Customer_Name":"E","Calendar_week":48,"Amount":-1.0,"PickAndPay":0,"Revenue":-447.66,"Invoice_Date":"2018-11-29","Article_Number":"P030FR001","Article_Name":"FREIGHT CHARGES","Order_Form_ID":"63b4cb62d0b1b1c95ec0ad959863c474"},{"Customer_Name":"E","Calendar_week":49,"Amount":1.0,"PickAndPay":0,"Revenue":11180.84,"Invoice_Date":"2018-12-03","Article_Number":"150729100","Article_Name":"PNEUMATIC CYLINDER 80X400-G3\/8 DW","Order_Form_ID":"583e4a29f4f978c23e1adfbbad2bc7a4"},{"Customer_Name":"E","Calendar_week":49,"Amount":5.0,"PickAndPay":0,"Revenue":765.89,"Invoice_Date":"2018-12-03","Article_Number":"139311","Article_Name":"STRAIGHT SCREW-IN SOCKET D=8 G1\/4A","Order_Form_ID":"583e4a29f4f978c23e1adfbbad2bc7a4"},{"Customer_Name":"E","Calendar_week":49,"Amount":5.0,"PickAndPay":0,"Revenue":740.33,"Invoice_Date":"2018-12-03","Article_Number":"139392","Article_Name":"REDUCING SOCKET G 1\/8 X 1\/4\"","Order_Form_ID":"583e4a29f4f978c23e1adfbbad2bc7a4"},{"Customer_Name":"E","Calendar_week":49,"Amount":2.0,"PickAndPay":0,"Revenue":2659.59,"Invoice_Date":"2018-12-03","Article_Number":"162633900","Article_Name":"CHECK VALVE G1\/4-R1\/4-G1\/8","Order_Form_ID":"583e4a29f4f978c23e1adfbbad2bc7a4"},{"Customer_Name":"E","Calendar_week":49,"Amount":2.0,"PickAndPay":0,"Revenue":71274.77,"Invoice_Date":"2018-12-03","Article_Number":"271187300","Article_Name":"SENSOR 4-20MA\/24VDC","Order_Form_ID":"583e4a29f4f978c23e1adfbbad2bc7a4"},{"Customer_Name":"E","Calendar_week":49,"Amount":5.0,"PickAndPay":0,"Revenue":478.44,"Invoice_Date":"2018-12-03","Article_Number":"139377","Article_Name":"REDUCING SOCKET G 3\/8 X 1\/4\"","Order_Form_ID":"583e4a29f4f978c23e1adfbbad2bc7a4"},{"Customer_Name":"E","Calendar_week":49,"Amount":2.0,"PickAndPay":0,"Revenue":7173.59,"Invoice_Date":"2018-12-03","Article_Number":"186844449","Article_Name":"HYDRAULIC HOSE DN-6\/4800 LG.","Order_Form_ID":"583e4a29f4f978c23e1adfbbad2bc7a4"},{"Customer_Name":"E","Calendar_week":49,"Amount":1.0,"PickAndPay":0,"Revenue":5410.15,"Invoice_Date":"2018-12-03","Article_Number":"150932800","Article_Name":"HOLDING DEVICE 288X95X95","Order_Form_ID":"583e4a29f4f978c23e1adfbbad2bc7a4"},{"Customer_Name":"E","Calendar_week":49,"Amount":1.0,"PickAndPay":0,"Revenue":30258.02,"Invoice_Date":"2018-12-03","Article_Number":"117139401","Article_Name":"CROSSBEAM AB2800","Order_Form_ID":"583e4a29f4f978c23e1adfbbad2bc7a4"},{"Customer_Name":"E","Calendar_week":49,"Amount":1.0,"PickAndPay":0,"Revenue":1923.66,"Invoice_Date":"2018-12-03","Article_Number":"V00000002","Article_Name":"PACKING CHARGES (BOX) 3100X240X330MM","Order_Form_ID":"583e4a29f4f978c23e1adfbbad2bc7a4"},{"Customer_Name":"E","Calendar_week":51,"Amount":2.0,"PickAndPay":0,"Revenue":15583.27,"Invoice_Date":"2018-12-17","Article_Number":"112314210","Article_Name":"LIGHT BARRIER 10-30VDC; 5-400MM","Order_Form_ID":"db3fe04cf990eb09b9200fa1cb6ab369"},{"Customer_Name":"E","Calendar_week":51,"Amount":1.0,"PickAndPay":0,"Revenue":197.86,"Invoice_Date":"2018-12-17","Article_Number":"118308700","Article_Name":"PACKING CHARGES (CARTON) 330X163X172 MM","Order_Form_ID":"db3fe04cf990eb09b9200fa1cb6ab369"},{"Customer_Name":"E","Calendar_week":51,"Amount":18.0,"PickAndPay":1,"Revenue":36945.75,"Invoice_Date":"2018-12-19","Article_Number":"123428001","Article_Name":"ROLL 125\/95X70","Order_Form_ID":"730a7d87e08b9b68dc91b68fc37ac03f"},{"Customer_Name":"E","Calendar_week":51,"Amount":1.0,"PickAndPay":1,"Revenue":2505.7,"Invoice_Date":"2018-12-19","Article_Number":"100335702","Article_Name":"BACOMIN V42-50 UNIVERSAL 400ML","Order_Form_ID":"730a7d87e08b9b68dc91b68fc37ac03f"},{"Customer_Name":"E","Calendar_week":51,"Amount":2.0,"PickAndPay":1,"Revenue":2687.07,"Invoice_Date":"2018-12-19","Article_Number":"105406991","Article_Name":"GRINDING WHEEL 50X11X19MM","Order_Form_ID":"730a7d87e08b9b68dc91b68fc37ac03f"},{"Customer_Name":"E","Calendar_week":51,"Amount":250.0,"PickAndPay":1,"Revenue":4798.15,"Invoice_Date":"2018-12-19","Article_Number":"107254210","Article_Name":"FELT 46X35X10MM","Order_Form_ID":"730a7d87e08b9b68dc91b68fc37ac03f"},{"Customer_Name":"E","Calendar_week":51,"Amount":16.0,"PickAndPay":1,"Revenue":87432.93,"Invoice_Date":"2018-12-19","Article_Number":"105303998","Article_Name":"DISC CUT KNIFE 240X1,2MM,28°","Order_Form_ID":"730a7d87e08b9b68dc91b68fc37ac03f"},{"Customer_Name":"E","Calendar_week":51,"Amount":1.0,"PickAndPay":1,"Revenue":3651.92,"Invoice_Date":"2018-12-19","Article_Number":"199825802","Article_Name":"PERFLU H1 HIGH TEMP 0,8KG","Order_Form_ID":"730a7d87e08b9b68dc91b68fc37ac03f"},{"Customer_Name":"E","Calendar_week":51,"Amount":2.0,"PickAndPay":1,"Revenue":7303.85,"Invoice_Date":"2018-12-19","Article_Number":"199825802","Article_Name":"PERFLU H1 HIGH TEMP 0,8KG","Order_Form_ID":"730a7d87e08b9b68dc91b68fc37ac03f"},{"Customer_Name":"E","Calendar_week":51,"Amount":1.0,"PickAndPay":1,"Revenue":3651.92,"Invoice_Date":"2018-12-19","Article_Number":"199825800","Article_Name":"PERFLU V250 HIGH TEMP 800G 400ML","Order_Form_ID":"730a7d87e08b9b68dc91b68fc37ac03f"},{"Customer_Name":"E","Calendar_week":51,"Amount":1.0,"PickAndPay":1,"Revenue":3092.14,"Invoice_Date":"2018-12-19","Article_Number":"105407210","Article_Name":"TOOTHED BELT 29,5X 8X 640","Order_Form_ID":"730a7d87e08b9b68dc91b68fc37ac03f"},{"Customer_Name":"E","Calendar_week":51,"Amount":16.0,"PickAndPay":1,"Revenue":8999.14,"Invoice_Date":"2018-12-19","Article_Number":"123052320","Article_Name":"NO-CRUSH-ROLLER 165X65X50","Order_Form_ID":"756822346ebae89a043bf2b31cccffa8"},{"Customer_Name":"E","Calendar_week":51,"Amount":1.0,"PickAndPay":1,"Revenue":1626.04,"Invoice_Date":"2018-12-19","Article_Number":"111125198","Article_Name":"GLUE DAM JOINT 3X128X197","Order_Form_ID":"756822346ebae89a043bf2b31cccffa8"},{"Customer_Name":"E","Calendar_week":51,"Amount":4.0,"PickAndPay":1,"Revenue":296.52,"Invoice_Date":"2018-12-19","Article_Number":"106606921","Article_Name":"CLEAN-OUT FINGER BL1.0X98X90LG","Order_Form_ID":"756822346ebae89a043bf2b31cccffa8"},{"Customer_Name":"E","Calendar_week":51,"Amount":101.0,"PickAndPay":1,"Revenue":1992.36,"Invoice_Date":"2018-12-19","Article_Number":"100441800","Article_Name":"SUPPORTING PLATE S 10X16X1,2","Order_Form_ID":"6eb3991f7e304e90df71c6202160b5b2"},{"Customer_Name":"E","Calendar_week":51,"Amount":1.0,"PickAndPay":1,"Revenue":189.34,"Invoice_Date":"2018-12-19","Article_Number":"173687700","Article_Name":"TORX SOCKET GR.TX40 1\/2-ZOLL","Order_Form_ID":"6eb3991f7e304e90df71c6202160b5b2"},{"Customer_Name":"E","Calendar_week":51,"Amount":98.0,"PickAndPay":1,"Revenue":1933.0,"Invoice_Date":"2018-12-19","Article_Number":"177592300","Article_Name":"PLATE SPRING 8,4X15X2","Order_Form_ID":"6eb3991f7e304e90df71c6202160b5b2"},{"Customer_Name":"E","Calendar_week":51,"Amount":8.0,"PickAndPay":1,"Revenue":157.74,"Invoice_Date":"2018-12-19","Article_Number":"191757200","Article_Name":"LENS HEAD SCREW M8X16","Order_Form_ID":"6eb3991f7e304e90df71c6202160b5b2"},{"Customer_Name":"E","Calendar_week":51,"Amount":96.0,"PickAndPay":1,"Revenue":1893.7,"Invoice_Date":"2018-12-19","Article_Number":"191757201","Article_Name":"LENS HEAD SCREW M8X25","Order_Form_ID":"6eb3991f7e304e90df71c6202160b5b2"},{"Customer_Name":"E","Calendar_week":1,"Amount":4.0,"PickAndPay":0,"Revenue":14197.13,"Invoice_Date":"2019-01-02","Article_Number":"114687601","Article_Name":"PNEUMATIC CYLINDER","Order_Form_ID":"387a8e3ea0414c3c5f37b11494bf078d"},{"Customer_Name":"E","Calendar_week":1,"Amount":1.0,"PickAndPay":0,"Revenue":197.86,"Invoice_Date":"2019-01-02","Article_Number":"110991000","Article_Name":"PACKING CHARGES (CARTON) 200X200X80","Order_Form_ID":"387a8e3ea0414c3c5f37b11494bf078d"},{"Customer_Name":"E","Calendar_week":1,"Amount":1.0,"PickAndPay":0,"Revenue":38.47,"Invoice_Date":"2019-01-02","Article_Number":"150015","Article_Name":"FLAT PACKING 41X55X2","Order_Form_ID":"d9d8a04984ef7501141a77471e013b0c"},{"Customer_Name":"E","Calendar_week":1,"Amount":3.0,"PickAndPay":0,"Revenue":1255.6,"Invoice_Date":"2019-01-02","Article_Number":"114519400","Article_Name":"SUPPORT RING SG38.8X45X1.4G","Order_Form_ID":"d9d8a04984ef7501141a77471e013b0c"},{"Customer_Name":"E","Calendar_week":1,"Amount":4.0,"PickAndPay":0,"Revenue":5373.87,"Invoice_Date":"2019-01-02","Article_Number":"105406991","Article_Name":"GRINDING WHEEL 50X11X19MM","Order_Form_ID":"d9d8a04984ef7501141a77471e013b0c"},{"Customer_Name":"E","Calendar_week":1,"Amount":50.0,"PickAndPay":0,"Revenue":959.63,"Invoice_Date":"2019-01-02","Article_Number":"107254210","Article_Name":"FELT 46X35X10MM","Order_Form_ID":"d9d8a04984ef7501141a77471e013b0c"},{"Customer_Name":"E","Calendar_week":1,"Amount":6.0,"PickAndPay":0,"Revenue":32787.35,"Invoice_Date":"2019-01-02","Article_Number":"105303998","Article_Name":"DISC CUT KNIFE 240X1,2MM,28°","Order_Form_ID":"d9d8a04984ef7501141a77471e013b0c"},{"Customer_Name":"E","Calendar_week":1,"Amount":3.0,"PickAndPay":0,"Revenue":1263.57,"Invoice_Date":"2019-01-02","Article_Number":"131672130","Article_Name":"O-RING 37,69X3,53","Order_Form_ID":"d9d8a04984ef7501141a77471e013b0c"},{"Customer_Name":"E","Calendar_week":1,"Amount":1.0,"PickAndPay":0,"Revenue":79.14,"Invoice_Date":"2019-01-02","Article_Number":"150343","Article_Name":"SEALING RING 38,0X46,0X2,0","Order_Form_ID":"d9d8a04984ef7501141a77471e013b0c"},{"Customer_Name":"E","Calendar_week":1,"Amount":4.0,"PickAndPay":0,"Revenue":3166.89,"Invoice_Date":"2019-01-02","Article_Number":"553374","Article_Name":"SEALING ELEMENT RAD.288.5X260","Order_Form_ID":"d9d8a04984ef7501141a77471e013b0c"},{"Customer_Name":"E","Calendar_week":1,"Amount":1.0,"PickAndPay":0,"Revenue":249790.08,"Invoice_Date":"2019-01-03","Article_Number":"192817001","Article_Name":"ROLL AB 2800 D=125","Order_Form_ID":"730e2d09fd08406bcf136994b5acc3c1"},{"Customer_Name":"E","Calendar_week":1,"Amount":2.0,"PickAndPay":0,"Revenue":14604.95,"Invoice_Date":"2019-01-03","Article_Number":"155505500","Article_Name":"TOOTHED DISK 8X64X80H8X60","Order_Form_ID":"730e2d09fd08406bcf136994b5acc3c1"},{"Customer_Name":"E","Calendar_week":1,"Amount":2.0,"PickAndPay":0,"Revenue":2493.88,"Invoice_Date":"2019-01-03","Article_Number":"142491600","Article_Name":"TENSIONING ELEMENT 50X 80","Order_Form_ID":"730e2d09fd08406bcf136994b5acc3c1"},{"Customer_Name":"E","Calendar_week":1,"Amount":2.0,"PickAndPay":0,"Revenue":5287.58,"Invoice_Date":"2019-01-03","Article_Number":"155506000","Article_Name":"SELF-ALIGNING ROLLER BEARING 50X90X28","Order_Form_ID":"730e2d09fd08406bcf136994b5acc3c1"},{"Customer_Name":"E","Calendar_week":1,"Amount":2.0,"PickAndPay":0,"Revenue":1285.83,"Invoice_Date":"2019-01-03","Article_Number":"154872000","Article_Name":"DISTANCE SLEEVE RO.58X50X11","Order_Form_ID":"730e2d09fd08406bcf136994b5acc3c1"},{"Customer_Name":"E","Calendar_week":1,"Amount":2.0,"PickAndPay":0,"Revenue":18125.52,"Invoice_Date":"2019-01-03","Article_Number":"154870600","Article_Name":"BEARING BUSH RD.123X43","Order_Form_ID":"730e2d09fd08406bcf136994b5acc3c1"},{"Customer_Name":"E","Calendar_week":1,"Amount":4.0,"PickAndPay":0,"Revenue":363.57,"Invoice_Date":"2019-01-03","Article_Number":"138232","Article_Name":"SEEGER CIRCLIP RING 90X3,0","Order_Form_ID":"730e2d09fd08406bcf136994b5acc3c1"},{"Customer_Name":"E","Calendar_week":1,"Amount":12.0,"PickAndPay":0,"Revenue":324.55,"Invoice_Date":"2019-01-03","Article_Number":"118403","Article_Name":"CHEESE-HEAD SCREW M8X40","Order_Form_ID":"730e2d09fd08406bcf136994b5acc3c1"},{"Customer_Name":"E","Calendar_week":1,"Amount":1.0,"PickAndPay":0,"Revenue":7694.63,"Invoice_Date":"2019-01-03","Article_Number":"V00000010","Article_Name":"PACKING CHARGES (BOX) 3280X280X410MM","Order_Form_ID":"730e2d09fd08406bcf136994b5acc3c1"},{"Customer_Name":"E","Calendar_week":1,"Amount":1.0,"PickAndPay":0,"Revenue":197.86,"Invoice_Date":"2019-01-03","Article_Number":"110991001","Article_Name":"PACKING CHARGES (CARTON) 200X200X150","Order_Form_ID":"730e2d09fd08406bcf136994b5acc3c1"},{"Customer_Name":"E","Calendar_week":1,"Amount":6.0,"PickAndPay":0,"Revenue":482.01,"Invoice_Date":"2019-01-06","Article_Number":"101951401","Article_Name":"RUBBER EDGE 5X75X35","Order_Form_ID":"4fb5de790f13dec69db4c8c21136cc20"},{"Customer_Name":"E","Calendar_week":1,"Amount":1.0,"PickAndPay":0,"Revenue":11787.89,"Invoice_Date":"2019-01-06","Article_Number":"108214400","Article_Name":"V-BELT, CORDED L=3493","Order_Form_ID":"4fb5de790f13dec69db4c8c21136cc20"},{"Customer_Name":"E","Calendar_week":1,"Amount":2.0,"PickAndPay":0,"Revenue":27913.9,"Invoice_Date":"2019-01-06","Article_Number":"109649600","Article_Name":"MEASURING WHEEL 159\/12X50","Order_Form_ID":"4fb5de790f13dec69db4c8c21136cc20"},{"Customer_Name":"E","Calendar_week":1,"Amount":1.0,"PickAndPay":0,"Revenue":280.03,"Invoice_Date":"2019-01-06","Article_Number":"114816800","Article_Name":"SEALING LEDGE 5,5X15X160LG","Order_Form_ID":"4fb5de790f13dec69db4c8c21136cc20"},{"Customer_Name":"E","Calendar_week":1,"Amount":2.0,"PickAndPay":0,"Revenue":7520.4,"Invoice_Date":"2019-01-06","Article_Number":"204231228","Article_Name":"KNIFE 1440X50X1.5","Order_Form_ID":"4fb5de790f13dec69db4c8c21136cc20"},{"Customer_Name":"E","Calendar_week":1,"Amount":1.0,"PickAndPay":0,"Revenue":97.01,"Invoice_Date":"2019-01-06","Article_Number":"112493000","Article_Name":"ROUND FOAM RUBBER PROFILE D=6\/-0,5","Order_Form_ID":"4fb5de790f13dec69db4c8c21136cc20"},{"Customer_Name":"E","Calendar_week":1,"Amount":20.0,"PickAndPay":0,"Revenue":2462.28,"Invoice_Date":"2019-01-06","Article_Number":"100868100","Article_Name":"RUBBER PROFILE 18.5X21.5, PACKING UNIT:","Order_Form_ID":"4fb5de790f13dec69db4c8c21136cc20"},{"Customer_Name":"E","Calendar_week":1,"Amount":1.0,"PickAndPay":0,"Revenue":412.21,"Invoice_Date":"2019-01-06","Article_Number":"V00000024","Article_Name":"PACKING CHARGES (BOX)","Order_Form_ID":"4fb5de790f13dec69db4c8c21136cc20"},{"Customer_Name":"E","Calendar_week":1,"Amount":1.0,"PickAndPay":0,"Revenue":197.86,"Invoice_Date":"2019-01-06","Article_Number":"110991004","Article_Name":"PACKING CHARGES (CARTON) 610X410X230","Order_Form_ID":"4fb5de790f13dec69db4c8c21136cc20"},{"Customer_Name":"E","Calendar_week":52,"Amount":-1.0,"PickAndPay":0,"Revenue":-876910.87,"Invoice_Date":"2018-12-28","Article_Number":"P030BO001","Article_Name":"BONUS","Order_Form_ID":"c53426f1e2e115fb78e8e3efeb03fd8e"},{"Customer_Name":"E","Calendar_week":2,"Amount":10.0,"PickAndPay":0,"Revenue":5560.47,"Invoice_Date":"2019-01-11","Article_Number":"123584901","Article_Name":"BOLT RD.8 148LG.","Order_Form_ID":"9088f7976625caa4456840433003425f"},{"Customer_Name":"E","Calendar_week":2,"Amount":1.0,"PickAndPay":0,"Revenue":197.86,"Invoice_Date":"2019-01-11","Article_Number":"110991000","Article_Name":"PACKING CHARGES (CARTON) 200X200X80","Order_Form_ID":"9088f7976625caa4456840433003425f"},{"Customer_Name":"E","Calendar_week":4,"Amount":1.0,"PickAndPay":0,"Revenue":430.62,"Invoice_Date":"2019-01-21","Article_Number":"159246","Article_Name":"BUSH 60X 65X 30","Order_Form_ID":"229ba87024dad151117b929d04b1b6e2"},{"Customer_Name":"E","Calendar_week":4,"Amount":4.0,"PickAndPay":0,"Revenue":4095.74,"Invoice_Date":"2019-01-21","Article_Number":"182532","Article_Name":"BACOMIN V95 POWER 400ML","Order_Form_ID":"229ba87024dad151117b929d04b1b6e2"},{"Customer_Name":"E","Calendar_week":4,"Amount":1.0,"PickAndPay":0,"Revenue":10945.06,"Invoice_Date":"2019-01-21","Article_Number":"117102500","Article_Name":"BEARING FLANGE 90X140X60","Order_Form_ID":"229ba87024dad151117b929d04b1b6e2"},{"Customer_Name":"E","Calendar_week":4,"Amount":1.0,"PickAndPay":0,"Revenue":197.86,"Invoice_Date":"2019-01-21","Article_Number":"118308700","Article_Name":"PACKING CHARGES (CARTON) 330X163X172 MM","Order_Form_ID":"229ba87024dad151117b929d04b1b6e2"},{"Customer_Name":"E","Calendar_week":4,"Amount":20.0,"PickAndPay":0,"Revenue":8124.7,"Invoice_Date":"2019-01-22","Article_Number":"144296502","Article_Name":"HT 250 CHAIN SPRAY H1 400ML","Order_Form_ID":"4970c98628e43bc95e7dde8e37883aa3"},{"Customer_Name":"E","Calendar_week":4,"Amount":1.0,"PickAndPay":0,"Revenue":197.86,"Invoice_Date":"2019-01-22","Article_Number":"110991003","Article_Name":"PACKING CHARGES (CARTON) 360X360X250","Order_Form_ID":"4970c98628e43bc95e7dde8e37883aa3"},{"Customer_Name":"E","Calendar_week":5,"Amount":37.0,"PickAndPay":0,"Revenue":35855.31,"Invoice_Date":"2019-01-28","Article_Number":"108508399","Article_Name":"PRESSURE SHOE, COMPLETE","Order_Form_ID":"b4ca4932287f8d57105c6ced6bdaee0c"},{"Customer_Name":"E","Calendar_week":5,"Amount":1.0,"PickAndPay":0,"Revenue":197.86,"Invoice_Date":"2019-01-28","Article_Number":"118308700","Article_Name":"PACKING CHARGES (CARTON) 330X163X172 MM","Order_Form_ID":"b4ca4932287f8d57105c6ced6bdaee0c"},{"Customer_Name":"E","Calendar_week":5,"Amount":1.0,"PickAndPay":0,"Revenue":99799.02,"Invoice_Date":"2019-01-31","Article_Number":"103454826","Article_Name":"ROLL AB 2800","Order_Form_ID":"e8d6c0b2d51d76333e73de0621d2a5ad"},{"Customer_Name":"E","Calendar_week":5,"Amount":1.0,"PickAndPay":0,"Revenue":3409.82,"Invoice_Date":"2019-01-31","Article_Number":"143203501","Article_Name":"FLANGED BEARING HOUSING","Order_Form_ID":"e8d6c0b2d51d76333e73de0621d2a5ad"},{"Customer_Name":"E","Calendar_week":5,"Amount":1.0,"PickAndPay":0,"Revenue":3089.94,"Invoice_Date":"2019-01-31","Article_Number":"143203401","Article_Name":"FLANGED BEARING HOUSING","Order_Form_ID":"e8d6c0b2d51d76333e73de0621d2a5ad"},{"Customer_Name":"E","Calendar_week":5,"Amount":1.0,"PickAndPay":0,"Revenue":1923.66,"Invoice_Date":"2019-01-31","Article_Number":"V00000002","Article_Name":"PACKING CHARGES (BOX) 3100X240X330MM","Order_Form_ID":"e8d6c0b2d51d76333e73de0621d2a5ad"},{"Customer_Name":"E","Calendar_week":5,"Amount":1.0,"PickAndPay":0,"Revenue":197.86,"Invoice_Date":"2019-01-31","Article_Number":"110991001","Article_Name":"PACKING CHARGES (CARTON) 200X200X150","Order_Form_ID":"e8d6c0b2d51d76333e73de0621d2a5ad"},{"Customer_Name":"E","Calendar_week":5,"Amount":2.0,"PickAndPay":0,"Revenue":1124.79,"Invoice_Date":"2019-02-01","Article_Number":"111125600","Article_Name":"LEDGE 8X8X149","Order_Form_ID":"f1b082030114d97d6687678db0a6afe9"},{"Customer_Name":"E","Calendar_week":5,"Amount":4.0,"PickAndPay":0,"Revenue":1674.13,"Invoice_Date":"2019-02-01","Article_Number":"114519400","Article_Name":"SUPPORT RING SG38.8X45X1.4G","Order_Form_ID":"f1b082030114d97d6687678db0a6afe9"},{"Customer_Name":"E","Calendar_week":5,"Amount":200.0,"PickAndPay":0,"Revenue":3838.52,"Invoice_Date":"2019-02-01","Article_Number":"107254210","Article_Name":"FELT 46X35X10MM","Order_Form_ID":"f1b082030114d97d6687678db0a6afe9"},{"Customer_Name":"E","Calendar_week":5,"Amount":10.0,"PickAndPay":0,"Revenue":54645.58,"Invoice_Date":"2019-02-01","Article_Number":"105303998","Article_Name":"DISC CUT KNIFE 240X1,2MM,28°","Order_Form_ID":"f1b082030114d97d6687678db0a6afe9"},{"Customer_Name":"E","Calendar_week":5,"Amount":1.0,"PickAndPay":0,"Revenue":421.28,"Invoice_Date":"2019-02-01","Article_Number":"131672130","Article_Name":"O-RING 37,69X3,53","Order_Form_ID":"f1b082030114d97d6687678db0a6afe9"},{"Customer_Name":"E","Calendar_week":5,"Amount":4.0,"PickAndPay":0,"Revenue":14607.7,"Invoice_Date":"2019-02-01","Article_Number":"199825802","Article_Name":"PERFLU H1 HIGH TEMP 0,8KG","Order_Form_ID":"f1b082030114d97d6687678db0a6afe9"},{"Customer_Name":"E","Calendar_week":5,"Amount":4.0,"PickAndPay":0,"Revenue":5224.65,"Invoice_Date":"2019-02-01","Article_Number":"155448002","Article_Name":"BHS-ACTIVE DECALCER 2,5L","Order_Form_ID":"f1b082030114d97d6687678db0a6afe9"},{"Customer_Name":"E","Calendar_week":5,"Amount":6.0,"PickAndPay":0,"Revenue":502.07,"Invoice_Date":"2019-02-01","Article_Number":"106566766","Article_Name":"LOCKING PLATE FUER D=16","Order_Form_ID":"f1b082030114d97d6687678db0a6afe9"},{"Customer_Name":"E","Calendar_week":5,"Amount":2.0,"PickAndPay":0,"Revenue":5597.84,"Invoice_Date":"2019-02-01","Article_Number":"111125303","Article_Name":"GLUE DAM JOINT 3X260X220","Order_Form_ID":"f1b082030114d97d6687678db0a6afe9"},{"Customer_Name":"E","Calendar_week":5,"Amount":2.0,"PickAndPay":0,"Revenue":1124.79,"Invoice_Date":"2019-02-01","Article_Number":"111125400","Article_Name":"LEDGE 8X8X95","Order_Form_ID":"f1b082030114d97d6687678db0a6afe9"},{"Customer_Name":"E","Calendar_week":5,"Amount":1.0,"PickAndPay":0,"Revenue":1626.04,"Invoice_Date":"2019-02-01","Article_Number":"111125199","Article_Name":"GLUE DAM JOINT 3X128X197","Order_Form_ID":"f1b082030114d97d6687678db0a6afe9"},{"Customer_Name":"E","Calendar_week":5,"Amount":1.0,"PickAndPay":0,"Revenue":138.5,"Invoice_Date":"2019-02-01","Article_Number":"124133400","Article_Name":"FLAT PACKING 21 X 30  X 2","Order_Form_ID":"f1b082030114d97d6687678db0a6afe9"},{"Customer_Name":"E","Calendar_week":5,"Amount":1.0,"PickAndPay":0,"Revenue":38.47,"Invoice_Date":"2019-02-01","Article_Number":"150015","Article_Name":"FLAT PACKING 41X55X2","Order_Form_ID":"f1b082030114d97d6687678db0a6afe9"},{"Customer_Name":"E","Calendar_week":5,"Amount":1.0,"PickAndPay":0,"Revenue":38.47,"Invoice_Date":"2019-02-01","Article_Number":"150011","Article_Name":"FLAT PACKING 3\/4\"\/ 27X38X2","Order_Form_ID":"f1b082030114d97d6687678db0a6afe9"},{"Customer_Name":"E","Calendar_week":5,"Amount":1.0,"PickAndPay":0,"Revenue":36705.84,"Invoice_Date":"2019-02-01","Article_Number":"181300","Article_Name":"ROTARY STEAM JOINT R 1 1\/4\"","Order_Form_ID":"f1b082030114d97d6687678db0a6afe9"},{"Customer_Name":"E","Calendar_week":5,"Amount":2.0,"PickAndPay":0,"Revenue":158.29,"Invoice_Date":"2019-02-01","Article_Number":"150343","Article_Name":"SEALING RING 38,0X46,0X2,0","Order_Form_ID":"f1b082030114d97d6687678db0a6afe9"},{"Customer_Name":"E","Calendar_week":5,"Amount":2.0,"PickAndPay":0,"Revenue":1583.44,"Invoice_Date":"2019-02-01","Article_Number":"553374","Article_Name":"SEALING ELEMENT RAD.288.5X260","Order_Form_ID":"f1b082030114d97d6687678db0a6afe9"},{"Customer_Name":"E","Calendar_week":6,"Amount":37.0,"PickAndPay":0,"Revenue":6154.88,"Invoice_Date":"2019-02-05","Article_Number":"108508200","Article_Name":"PLATE 0.5X75","Order_Form_ID":"827c35b5cc5d0aebb160bd8416a9b734"},{"Customer_Name":"E","Calendar_week":6,"Amount":1.0,"PickAndPay":0,"Revenue":197.86,"Invoice_Date":"2019-02-05","Article_Number":"110991000","Article_Name":"PACKING CHARGES (CARTON) 200X200X80","Order_Form_ID":"827c35b5cc5d0aebb160bd8416a9b734"},{"Customer_Name":"E","Calendar_week":6,"Amount":2.0,"PickAndPay":0,"Revenue":7.69,"Invoice_Date":"2019-02-06","Article_Number":"111125600","Article_Name":"LEDGE 8X8X149","Order_Form_ID":"ed842163a166f1e7b9f62948e84f3967"},{"Customer_Name":"E","Calendar_week":6,"Amount":4.0,"PickAndPay":0,"Revenue":0.27,"Invoice_Date":"2019-02-06","Article_Number":"114519400","Article_Name":"SUPPORT RING SG38.8X45X1.4G","Order_Form_ID":"ed842163a166f1e7b9f62948e84f3967"},{"Customer_Name":"E","Calendar_week":6,"Amount":200.0,"PickAndPay":0,"Revenue":42.87,"Invoice_Date":"2019-02-06","Article_Number":"107254210","Article_Name":"FELT 46X35X10MM","Order_Form_ID":"ed842163a166f1e7b9f62948e84f3967"},{"Customer_Name":"E","Calendar_week":6,"Amount":10.0,"PickAndPay":0,"Revenue":545.49,"Invoice_Date":"2019-02-06","Article_Number":"105303998","Article_Name":"DISC CUT KNIFE 240X1,2MM,28°","Order_Form_ID":"ed842163a166f1e7b9f62948e84f3967"},{"Customer_Name":"E","Calendar_week":6,"Amount":4.0,"PickAndPay":0,"Revenue":179.72,"Invoice_Date":"2019-02-06","Article_Number":"199825802","Article_Name":"PERFLU H1 HIGH TEMP 0,8KG","Order_Form_ID":"ed842163a166f1e7b9f62948e84f3967"},{"Customer_Name":"E","Calendar_week":6,"Amount":4.0,"PickAndPay":0,"Revenue":713.4,"Invoice_Date":"2019-02-06","Article_Number":"155448002","Article_Name":"BHS-ACTIVE DECALCER 2,5L","Order_Form_ID":"ed842163a166f1e7b9f62948e84f3967"},{"Customer_Name":"E","Calendar_week":6,"Amount":6.0,"PickAndPay":0,"Revenue":1.92,"Invoice_Date":"2019-02-06","Article_Number":"106566766","Article_Name":"LOCKING PLATE FUER D=16","Order_Form_ID":"ed842163a166f1e7b9f62948e84f3967"},{"Customer_Name":"E","Calendar_week":6,"Amount":2.0,"PickAndPay":0,"Revenue":64.58,"Invoice_Date":"2019-02-06","Article_Number":"111125303","Article_Name":"GLUE DAM JOINT 3X260X220","Order_Form_ID":"ed842163a166f1e7b9f62948e84f3967"},{"Customer_Name":"E","Calendar_week":6,"Amount":2.0,"PickAndPay":0,"Revenue":4.95,"Invoice_Date":"2019-02-06","Article_Number":"111125400","Article_Name":"LEDGE 8X8X95","Order_Form_ID":"ed842163a166f1e7b9f62948e84f3967"},{"Customer_Name":"E","Calendar_week":6,"Amount":1.0,"PickAndPay":0,"Revenue":10.44,"Invoice_Date":"2019-02-06","Article_Number":"111125199","Article_Name":"GLUE DAM JOINT 3X128X197","Order_Form_ID":"ed842163a166f1e7b9f62948e84f3967"},{"Customer_Name":"E","Calendar_week":6,"Amount":1.0,"PickAndPay":0,"Revenue":0.27,"Invoice_Date":"2019-02-06","Article_Number":"150015","Article_Name":"FLAT PACKING 41X55X2","Order_Form_ID":"ed842163a166f1e7b9f62948e84f3967"},{"Customer_Name":"E","Calendar_week":6,"Amount":1.0,"PickAndPay":0,"Revenue":516.09,"Invoice_Date":"2019-02-06","Article_Number":"181300","Article_Name":"ROTARY STEAM JOINT R 1 1\/4\"","Order_Form_ID":"ed842163a166f1e7b9f62948e84f3967"},{"Customer_Name":"E","Calendar_week":6,"Amount":2.0,"PickAndPay":0,"Revenue":0.82,"Invoice_Date":"2019-02-06","Article_Number":"150343","Article_Name":"SEALING RING 38,0X46,0X2,0","Order_Form_ID":"ed842163a166f1e7b9f62948e84f3967"},{"Customer_Name":"E","Calendar_week":6,"Amount":2.0,"PickAndPay":0,"Revenue":10.17,"Invoice_Date":"2019-02-06","Article_Number":"553374","Article_Name":"SEALING ELEMENT RAD.288.5X260","Order_Form_ID":"ed842163a166f1e7b9f62948e84f3967"},{"Customer_Name":"E","Calendar_week":6,"Amount":1.0,"PickAndPay":0,"Revenue":1126.71,"Invoice_Date":"2019-02-06","Article_Number":"110680400","Article_Name":"PACKING CHARGES (PAL-BOX I) 830X580X680","Order_Form_ID":"ed842163a166f1e7b9f62948e84f3967"},{"Customer_Name":"E","Calendar_week":6,"Amount":1.0,"PickAndPay":0,"Revenue":197.86,"Invoice_Date":"2019-02-06","Article_Number":"110991003","Article_Name":"PACKING CHARGES (CARTON) 360X360X250","Order_Form_ID":"ed842163a166f1e7b9f62948e84f3967"},{"Customer_Name":"E","Calendar_week":6,"Amount":1.0,"PickAndPay":0,"Revenue":1978.07,"Invoice_Date":"2019-02-07","Article_Number":"111125198","Article_Name":"GLUE DAM JOINT 3X128X197","Order_Form_ID":"8d377b51222f177f83f860f6ef5a1562"},{"Customer_Name":"E","Calendar_week":6,"Amount":1.0,"PickAndPay":0,"Revenue":197.86,"Invoice_Date":"2019-02-07","Article_Number":"110991001","Article_Name":"PACKING CHARGES (CARTON) 200X200X150","Order_Form_ID":"8d377b51222f177f83f860f6ef5a1562"},{"Customer_Name":"E","Calendar_week":7,"Amount":1.0,"PickAndPay":1,"Revenue":80001.85,"Invoice_Date":"2019-02-12","Article_Number":"BSP3000100","Article_Name":"PICK&PAY","Order_Form_ID":"cb423f0b293f9f45dd4d7b3b597050a5"},{"Customer_Name":"E","Calendar_week":7,"Amount":50.0,"PickAndPay":0,"Revenue":26992.2,"Invoice_Date":"2019-02-14","Article_Number":"182602000","Article_Name":"NAP FOIL 50 MM BR\/25 M","Order_Form_ID":"9133414c3e27f2e6b0f396aa66d4c1db"},{"Customer_Name":"E","Calendar_week":7,"Amount":1.0,"PickAndPay":0,"Revenue":197.86,"Invoice_Date":"2019-02-14","Article_Number":"110991001","Article_Name":"PACKING CHARGES (CARTON) 200X200X150","Order_Form_ID":"9133414c3e27f2e6b0f396aa66d4c1db"},{"Customer_Name":"E","Calendar_week":7,"Amount":1.0,"PickAndPay":0,"Revenue":3374.64,"Invoice_Date":"2019-02-15","Article_Number":"147177212","Article_Name":"FEELER PLATE","Order_Form_ID":"e1c3df3f8ebc657ed37223d4d916dc05"},{"Customer_Name":"E","Calendar_week":7,"Amount":1.0,"PickAndPay":0,"Revenue":197.86,"Invoice_Date":"2019-02-15","Article_Number":"118308700","Article_Name":"PACKING CHARGES (CARTON) 330X163X172 MM","Order_Form_ID":"e1c3df3f8ebc657ed37223d4d916dc05"},{"Customer_Name":"E","Calendar_week":7,"Amount":1.0,"PickAndPay":0,"Revenue":181989.16,"Invoice_Date":"2019-02-15","Article_Number":"267610253","Article_Name":"COMPUTER 24 VDC","Order_Form_ID":"fd49ce5c00c4b3f46bdca58ce4435318"},{"Customer_Name":"E","Calendar_week":7,"Amount":1.0,"PickAndPay":0,"Revenue":192.37,"Invoice_Date":"2019-02-15","Article_Number":"V00000025","Article_Name":"PACKING CHARGES (CARTON)","Order_Form_ID":"fd49ce5c00c4b3f46bdca58ce4435318"},{"Customer_Name":"E","Calendar_week":8,"Amount":37.0,"PickAndPay":0,"Revenue":35855.31,"Invoice_Date":"2019-02-18","Article_Number":"108508399","Article_Name":"PRESSURE SHOE, COMPLETE","Order_Form_ID":"db0a70b18fad95f2176b71db1298df00"},{"Customer_Name":"E","Calendar_week":8,"Amount":1.0,"PickAndPay":0,"Revenue":197.86,"Invoice_Date":"2019-02-18","Article_Number":"110991001","Article_Name":"PACKING CHARGES (CARTON) 200X200X150","Order_Form_ID":"db0a70b18fad95f2176b71db1298df00"},{"Customer_Name":"E","Calendar_week":8,"Amount":2.0,"PickAndPay":0,"Revenue":8002.96,"Invoice_Date":"2019-02-18","Article_Number":"168527900","Article_Name":"FLANGED BEARING HOUSING 45X111X180X42,9","Order_Form_ID":"fb2deb1ccd6dd4b61b0b616bb55f10bc"},{"Customer_Name":"E","Calendar_week":8,"Amount":2.0,"PickAndPay":0,"Revenue":7532.21,"Invoice_Date":"2019-02-18","Article_Number":"168527600","Article_Name":"FLANGED BEARING HOUSING 45X111X180X42,9","Order_Form_ID":"fb2deb1ccd6dd4b61b0b616bb55f10bc"},{"Customer_Name":"E","Calendar_week":8,"Amount":1.0,"PickAndPay":0,"Revenue":197.86,"Invoice_Date":"2019-02-18","Article_Number":"110991002","Article_Name":"PACKING CHARGES (CARTON) 300X300X200","Order_Form_ID":"fb2deb1ccd6dd4b61b0b616bb55f10bc"},{"Customer_Name":"E","Calendar_week":8,"Amount":1.0,"PickAndPay":0,"Revenue":46266.14,"Invoice_Date":"2019-02-20","Article_Number":"172217734","Article_Name":"SERVOMOTOR 2,6NM;2,80A;5000UPM,1,38KW","Order_Form_ID":"6b57e7aabed8c07ae1b5557ca5a1b90f"},{"Customer_Name":"E","Calendar_week":8,"Amount":1.0,"PickAndPay":0,"Revenue":197.86,"Invoice_Date":"2019-02-20","Article_Number":"110991004","Article_Name":"PACKING CHARGES (CARTON) 610X410X230","Order_Form_ID":"6b57e7aabed8c07ae1b5557ca5a1b90f"},{"Customer_Name":"E","Calendar_week":9,"Amount":2.0,"PickAndPay":0,"Revenue":6786.66,"Invoice_Date":"2019-02-27","Article_Number":"108508600","Article_Name":"INTERMEDIATE RING 145","Order_Form_ID":"d21813a9bc843daacac6548db575d9d8"},{"Customer_Name":"E","Calendar_week":9,"Amount":1.0,"PickAndPay":0,"Revenue":197.86,"Invoice_Date":"2019-02-27","Article_Number":"110991001","Article_Name":"PACKING CHARGES (CARTON) 200X200X150","Order_Form_ID":"d21813a9bc843daacac6548db575d9d8"},{"Customer_Name":"E","Calendar_week":9,"Amount":4.0,"PickAndPay":0,"Revenue":890.38,"Invoice_Date":"2019-02-27","Article_Number":"107408700","Article_Name":"FLAT SPRING 0,8X10X56","Order_Form_ID":"86b17378eaad9bdd65421a9990d19296"},{"Customer_Name":"E","Calendar_week":9,"Amount":1.0,"PickAndPay":0,"Revenue":197.86,"Invoice_Date":"2019-02-27","Article_Number":"110991000","Article_Name":"PACKING CHARGES (CARTON) 200X200X80","Order_Form_ID":"86b17378eaad9bdd65421a9990d19296"},{"Customer_Name":"E","Calendar_week":9,"Amount":1.0,"PickAndPay":1,"Revenue":1626.04,"Invoice_Date":"2019-02-28","Article_Number":"111125199","Article_Name":"GLUE DAM JOINT 3X128X197","Order_Form_ID":"fd2a9aa581137d599ba01d8b45662c35"},{"Customer_Name":"E","Calendar_week":9,"Amount":1.0,"PickAndPay":1,"Revenue":1626.04,"Invoice_Date":"2019-02-28","Article_Number":"111125198","Article_Name":"GLUE DAM JOINT 3X128X197","Order_Form_ID":"fd2a9aa581137d599ba01d8b45662c35"},{"Customer_Name":"E","Calendar_week":9,"Amount":9.0,"PickAndPay":1,"Revenue":49181.02,"Invoice_Date":"2019-02-28","Article_Number":"126292402","Article_Name":"BRUSH ROLL SEGMENT 300X203X216MM","Order_Form_ID":"fd2a9aa581137d599ba01d8b45662c35"},{"Customer_Name":"E","Calendar_week":9,"Amount":2.0,"PickAndPay":1,"Revenue":5011.4,"Invoice_Date":"2019-02-28","Article_Number":"100335702","Article_Name":"BACOMIN V42-50 UNIVERSAL 400ML","Order_Form_ID":"fd2a9aa581137d599ba01d8b45662c35"},{"Customer_Name":"E","Calendar_week":9,"Amount":2.0,"PickAndPay":1,"Revenue":1124.79,"Invoice_Date":"2019-02-28","Article_Number":"111125600","Article_Name":"LEDGE 8X8X149","Order_Form_ID":"fd2a9aa581137d599ba01d8b45662c35"},{"Customer_Name":"E","Calendar_week":9,"Amount":100.0,"PickAndPay":1,"Revenue":1919.26,"Invoice_Date":"2019-02-28","Article_Number":"107254210","Article_Name":"FELT 46X35X10MM","Order_Form_ID":"fd2a9aa581137d599ba01d8b45662c35"},{"Customer_Name":"E","Calendar_week":9,"Amount":2.0,"PickAndPay":1,"Revenue":10929.12,"Invoice_Date":"2019-02-28","Article_Number":"105303998","Article_Name":"DISC CUT KNIFE 240X1,2MM,28°","Order_Form_ID":"fd2a9aa581137d599ba01d8b45662c35"},{"Customer_Name":"E","Calendar_week":9,"Amount":2.0,"PickAndPay":1,"Revenue":1092.91,"Invoice_Date":"2019-02-28","Article_Number":"136481820","Article_Name":"NO-CRUSH-ROLLER 180X65X50","Order_Form_ID":"fd2a9aa581137d599ba01d8b45662c35"},{"Customer_Name":"E","Calendar_week":9,"Amount":2.0,"PickAndPay":1,"Revenue":5597.84,"Invoice_Date":"2019-02-28","Article_Number":"111125303","Article_Name":"GLUE DAM JOINT 3X260X220","Order_Form_ID":"fd2a9aa581137d599ba01d8b45662c35"},{"Customer_Name":"E","Calendar_week":9,"Amount":2.0,"PickAndPay":1,"Revenue":1124.79,"Invoice_Date":"2019-02-28","Article_Number":"111125400","Article_Name":"LEDGE 8X8X95","Order_Form_ID":"fd2a9aa581137d599ba01d8b45662c35"},{"Customer_Name":"E","Calendar_week":9,"Amount":1.0,"PickAndPay":1,"Revenue":1652.7,"Invoice_Date":"2019-02-28","Article_Number":"104196402","Article_Name":"FLAT BELT 50X2,4X1920","Order_Form_ID":"fd2a9aa581137d599ba01d8b45662c35"},{"Customer_Name":"E","Calendar_week":9,"Amount":1.0,"PickAndPay":1,"Revenue":3651.92,"Invoice_Date":"2019-02-28","Article_Number":"199825802","Article_Name":"PERFLU H1 HIGH TEMP 0,8KG","Order_Form_ID":"fd2a9aa581137d599ba01d8b45662c35"},{"Customer_Name":"E","Calendar_week":9,"Amount":1.0,"PickAndPay":1,"Revenue":1412.79,"Invoice_Date":"2019-02-28","Article_Number":"109612522","Article_Name":"SEALING LEDGE 5,5X65X2965","Order_Form_ID":"fd2a9aa581137d599ba01d8b45662c35"},{"Customer_Name":"E","Calendar_week":9,"Amount":1.0,"PickAndPay":1,"Revenue":3092.14,"Invoice_Date":"2019-02-28","Article_Number":"105407210","Article_Name":"TOOTHED BELT 29,5X 8X 640","Order_Form_ID":"fd2a9aa581137d599ba01d8b45662c35"},{"Customer_Name":"E","Calendar_week":9,"Amount":50.0,"PickAndPay":1,"Revenue":1869.24,"Invoice_Date":"2019-03-01","Article_Number":"136481820","Article_Name":"NO-CRUSH-ROLLER 180X65X50","Order_Form_ID":"9e90095d5f7cd3eeea5e7ca8cc17c118"},{"Customer_Name":"E","Calendar_week":9,"Amount":1.0,"PickAndPay":1,"Revenue":1126.71,"Invoice_Date":"2019-03-01","Article_Number":"110680400","Article_Name":"PACKING CHARGES (PAL-BOX I) 830X580X680","Order_Form_ID":"9e90095d5f7cd3eeea5e7ca8cc17c118"},{"Customer_Name":"E","Calendar_week":9,"Amount":1.0,"PickAndPay":0,"Revenue":79463.77,"Invoice_Date":"2019-03-01","Article_Number":"851017038","Article_Name":"MOTOR VALVE DN40-PN25 230V 50\/60 HZ","Order_Form_ID":"e34dede4c1582baa5ee54eb7f10e644d"},{"Customer_Name":"E","Calendar_week":9,"Amount":2.0,"PickAndPay":0,"Revenue":279.48,"Invoice_Date":"2019-03-01","Article_Number":"125252100","Article_Name":"FLAT PACKING DN40","Order_Form_ID":"e34dede4c1582baa5ee54eb7f10e644d"},{"Customer_Name":"E","Calendar_week":9,"Amount":1.0,"PickAndPay":0,"Revenue":1126.71,"Invoice_Date":"2019-03-01","Article_Number":"110680400","Article_Name":"PACKING CHARGES (PAL-BOX I) 830X580X680","Order_Form_ID":"e34dede4c1582baa5ee54eb7f10e644d"},{"Customer_Name":"E","Calendar_week":9,"Amount":50.0,"PickAndPay":1,"Revenue":28167.83,"Invoice_Date":"2019-03-01","Article_Number":"136481820","Article_Name":"NO-CRUSH-ROLLER 180X65X50","Order_Form_ID":"4db9a142f5e29e8127f3b95e0feeb25d"},{"Customer_Name":"E","Calendar_week":10,"Amount":1.0,"PickAndPay":1,"Revenue":7.69,"Invoice_Date":"2019-03-04","Article_Number":"111125199","Article_Name":"GLUE DAM JOINT 3X128X197","Order_Form_ID":"6fa5990c78a7c5d4bb31dcab9ebfc58b"},{"Customer_Name":"E","Calendar_week":10,"Amount":1.0,"PickAndPay":1,"Revenue":8.52,"Invoice_Date":"2019-03-04","Article_Number":"111125198","Article_Name":"GLUE DAM JOINT 3X128X197","Order_Form_ID":"6fa5990c78a7c5d4bb31dcab9ebfc58b"},{"Customer_Name":"E","Calendar_week":10,"Amount":9.0,"PickAndPay":1,"Revenue":1541.67,"Invoice_Date":"2019-03-04","Article_Number":"126292402","Article_Name":"BRUSH ROLL SEGMENT 300X203X216MM","Order_Form_ID":"6fa5990c78a7c5d4bb31dcab9ebfc58b"},{"Customer_Name":"E","Calendar_week":10,"Amount":2.0,"PickAndPay":1,"Revenue":35.45,"Invoice_Date":"2019-03-04","Article_Number":"100335702","Article_Name":"BACOMIN V42-50 UNIVERSAL 400ML","Order_Form_ID":"6fa5990c78a7c5d4bb31dcab9ebfc58b"},{"Customer_Name":"E","Calendar_week":10,"Amount":2.0,"PickAndPay":1,"Revenue":5.77,"Invoice_Date":"2019-03-04","Article_Number":"111125600","Article_Name":"LEDGE 8X8X149","Order_Form_ID":"6fa5990c78a7c5d4bb31dcab9ebfc58b"},{"Customer_Name":"E","Calendar_week":10,"Amount":100.0,"PickAndPay":1,"Revenue":16.21,"Invoice_Date":"2019-03-04","Article_Number":"107254210","Article_Name":"FELT 46X35X10MM","Order_Form_ID":"6fa5990c78a7c5d4bb31dcab9ebfc58b"},{"Customer_Name":"E","Calendar_week":10,"Amount":2.0,"PickAndPay":1,"Revenue":82.17,"Invoice_Date":"2019-03-04","Article_Number":"105303998","Article_Name":"DISC CUT KNIFE 240X1,2MM,28°","Order_Form_ID":"6fa5990c78a7c5d4bb31dcab9ebfc58b"},{"Customer_Name":"E","Calendar_week":10,"Amount":2.0,"PickAndPay":1,"Revenue":50.29,"Invoice_Date":"2019-03-04","Article_Number":"136481820","Article_Name":"NO-CRUSH-ROLLER 180X65X50","Order_Form_ID":"6fa5990c78a7c5d4bb31dcab9ebfc58b"},{"Customer_Name":"E","Calendar_week":10,"Amount":2.0,"PickAndPay":1,"Revenue":48.64,"Invoice_Date":"2019-03-04","Article_Number":"111125303","Article_Name":"GLUE DAM JOINT 3X260X220","Order_Form_ID":"6fa5990c78a7c5d4bb31dcab9ebfc58b"},{"Customer_Name":"E","Calendar_week":10,"Amount":2.0,"PickAndPay":1,"Revenue":3.57,"Invoice_Date":"2019-03-04","Article_Number":"111125400","Article_Name":"LEDGE 8X8X95","Order_Form_ID":"6fa5990c78a7c5d4bb31dcab9ebfc58b"},{"Customer_Name":"E","Calendar_week":10,"Amount":1.0,"PickAndPay":1,"Revenue":10.17,"Invoice_Date":"2019-03-04","Article_Number":"104196402","Article_Name":"FLAT BELT 50X2,4X1920","Order_Form_ID":"6fa5990c78a7c5d4bb31dcab9ebfc58b"},{"Customer_Name":"E","Calendar_week":10,"Amount":1.0,"PickAndPay":1,"Revenue":33.8,"Invoice_Date":"2019-03-04","Article_Number":"199825802","Article_Name":"PERFLU H1 HIGH TEMP 0,8KG","Order_Form_ID":"6fa5990c78a7c5d4bb31dcab9ebfc58b"},{"Customer_Name":"E","Calendar_week":10,"Amount":1.0,"PickAndPay":1,"Revenue":21.98,"Invoice_Date":"2019-03-04","Article_Number":"109612522","Article_Name":"SEALING LEDGE 5,5X65X2965","Order_Form_ID":"6fa5990c78a7c5d4bb31dcab9ebfc58b"},{"Customer_Name":"E","Calendar_week":10,"Amount":1.0,"PickAndPay":1,"Revenue":3.3,"Invoice_Date":"2019-03-04","Article_Number":"105407210","Article_Name":"TOOTHED BELT 29,5X 8X 640","Order_Form_ID":"6fa5990c78a7c5d4bb31dcab9ebfc58b"},{"Customer_Name":"E","Calendar_week":10,"Amount":1.0,"PickAndPay":1,"Revenue":1126.71,"Invoice_Date":"2019-03-04","Article_Number":"110680400","Article_Name":"PACKING CHARGES (PAL-BOX I) 830X580X680","Order_Form_ID":"6fa5990c78a7c5d4bb31dcab9ebfc58b"},{"Customer_Name":"E","Calendar_week":10,"Amount":1.0,"PickAndPay":1,"Revenue":3220.2,"Invoice_Date":"2019-03-06","Article_Number":"150337628","Article_Name":"PRESSURE BELT II-QUALITY 2860X 2930","Order_Form_ID":"882b6708ef70c3511b5c545210355ba8"},{"Customer_Name":"E","Calendar_week":10,"Amount":1.0,"PickAndPay":1,"Revenue":2473.27,"Invoice_Date":"2019-03-06","Article_Number":"V00000015","Article_Name":"PACKING CHARGES (BOX) 3130X410X310MM","Order_Form_ID":"882b6708ef70c3511b5c545210355ba8"},{"Customer_Name":"E","Calendar_week":10,"Amount":3.0,"PickAndPay":0,"Revenue":14715.15,"Invoice_Date":"2019-03-07","Article_Number":"109019300","Article_Name":"MACHINE LIGHT 30-W 230V","Order_Form_ID":"99ea5b6f326197ed8a1062bb43b70f0b"},{"Customer_Name":"E","Calendar_week":10,"Amount":1.0,"PickAndPay":0,"Revenue":1648.85,"Invoice_Date":"2019-03-07","Article_Number":"V00000024","Article_Name":"PACKING CHARGES (BOX)","Order_Form_ID":"99ea5b6f326197ed8a1062bb43b70f0b"},{"Customer_Name":"E","Calendar_week":11,"Amount":13.0,"PickAndPay":0,"Revenue":106016.28,"Invoice_Date":"2019-03-13","Article_Number":"300129","Article_Name":"BELT PULLEY 160X85H7X110","Order_Form_ID":"063e3e47b0a3b9d94af32538a44ce176"},{"Customer_Name":"E","Calendar_week":11,"Amount":1.0,"PickAndPay":0,"Revenue":63645.55,"Invoice_Date":"2019-03-13","Article_Number":"103455220","Article_Name":"ROLL 85X45X2992","Order_Form_ID":"063e3e47b0a3b9d94af32538a44ce176"},{"Customer_Name":"E","Calendar_week":11,"Amount":1.0,"PickAndPay":0,"Revenue":2473.27,"Invoice_Date":"2019-03-13","Article_Number":"V00000012","Article_Name":"PACKING CHARGES (BOX) 790X380X380MM","Order_Form_ID":"063e3e47b0a3b9d94af32538a44ce176"},{"Customer_Name":"E","Calendar_week":11,"Amount":1.0,"PickAndPay":0,"Revenue":1923.66,"Invoice_Date":"2019-03-13","Article_Number":"V00000001","Article_Name":"PACKING CHARGES (BOX) 3100X140X230MM","Order_Form_ID":"063e3e47b0a3b9d94af32538a44ce176"},{"Customer_Name":"E","Calendar_week":11,"Amount":2.0,"PickAndPay":1,"Revenue":151749.01,"Invoice_Date":"2019-03-15","Article_Number":"109888054","Article_Name":"KNIFE 2840X30X8 AB2800","Order_Form_ID":"95133e6ef4e3a2c1fe77289472d05977"},{"Customer_Name":"E","Calendar_week":12,"Amount":1.0,"PickAndPay":1,"Revenue":10616.38,"Invoice_Date":"2019-03-19","Article_Number":"P030FR001","Article_Name":"FREIGHT CHARGES","Order_Form_ID":"2f3efcd8e7cbf8014a1eec45ebbbd0d4"},{"Customer_Name":"E","Calendar_week":12,"Amount":1.0,"PickAndPay":0,"Revenue":4707.46,"Invoice_Date":"2019-03-20","Article_Number":"111471890","Article_Name":"INSULATING COVER 143\/36X42LG.102","Order_Form_ID":"318bf5b9112d5ea93b065c537fab50ae"},{"Customer_Name":"E","Calendar_week":12,"Amount":1.0,"PickAndPay":0,"Revenue":197.86,"Invoice_Date":"2019-03-20","Article_Number":"110991000","Article_Name":"PACKING CHARGES (CARTON) 200X200X80","Order_Form_ID":"318bf5b9112d5ea93b065c537fab50ae"},{"Customer_Name":"E","Calendar_week":12,"Amount":2.0,"PickAndPay":0,"Revenue":612.55,"Invoice_Date":"2019-03-22","Article_Number":"110597400","Article_Name":"ECCENTRIC DISK RD.15X10","Order_Form_ID":"78069be7b7a764c261eaed60bc3c1214"},{"Customer_Name":"E","Calendar_week":12,"Amount":2.0,"PickAndPay":0,"Revenue":606.5,"Invoice_Date":"2019-03-22","Article_Number":"110597401","Article_Name":"ECCENTRIC DISK RD.15X8","Order_Form_ID":"78069be7b7a764c261eaed60bc3c1214"},{"Customer_Name":"E","Calendar_week":12,"Amount":6.0,"PickAndPay":0,"Revenue":157.47,"Invoice_Date":"2019-03-22","Article_Number":"104000100","Article_Name":"DISK 6","Order_Form_ID":"78069be7b7a764c261eaed60bc3c1214"},{"Customer_Name":"E","Calendar_week":12,"Amount":6.0,"PickAndPay":0,"Revenue":630.96,"Invoice_Date":"2019-03-22","Article_Number":"111125702","Article_Name":"SPACER 40\/17X2","Order_Form_ID":"78069be7b7a764c261eaed60bc3c1214"},{"Customer_Name":"E","Calendar_week":12,"Amount":2.0,"PickAndPay":0,"Revenue":2677.45,"Invoice_Date":"2019-03-22","Article_Number":"109076700","Article_Name":"SEALING 14X25X226","Order_Form_ID":"78069be7b7a764c261eaed60bc3c1214"},{"Customer_Name":"E","Calendar_week":12,"Amount":1.0,"PickAndPay":0,"Revenue":197.86,"Invoice_Date":"2019-03-22","Article_Number":"110991000","Article_Name":"PACKING CHARGES (CARTON) 200X200X80","Order_Form_ID":"78069be7b7a764c261eaed60bc3c1214"},{"Customer_Name":"E","Calendar_week":12,"Amount":1.0,"PickAndPay":0,"Revenue":148547.5,"Invoice_Date":"2019-03-22","Article_Number":"151128604","Article_Name":"BHS KNIFE SET WW2800","Order_Form_ID":"f40b5fc5194c569f6d9be9df903efe71"},{"Customer_Name":"E","Calendar_week":12,"Amount":1.0,"PickAndPay":0,"Revenue":1374.04,"Invoice_Date":"2019-03-22","Article_Number":"V00000008","Article_Name":"PACKING CHARGES (BOX) 2970X100X110MM","Order_Form_ID":"f40b5fc5194c569f6d9be9df903efe71"},{"Customer_Name":"E","Calendar_week":13,"Amount":1.0,"PickAndPay":0,"Revenue":18329.15,"Invoice_Date":"2019-03-28","Article_Number":"851005316","Article_Name":"DESK - OPERATION 406MM AUSSCHNITT","Order_Form_ID":"d5b7ac41328d7a8b935802ddb82752eb"},{"Customer_Name":"E","Calendar_week":13,"Amount":1.0,"PickAndPay":0,"Revenue":5800.92,"Invoice_Date":"2019-03-28","Article_Number":"270218940","Article_Name":"ANODIZED PLATE","Order_Form_ID":"d5b7ac41328d7a8b935802ddb82752eb"},{"Customer_Name":"E","Calendar_week":13,"Amount":1.0,"PickAndPay":0,"Revenue":2308.39,"Invoice_Date":"2019-03-28","Article_Number":"V00000024","Article_Name":"PACKING CHARGES (BOX)","Order_Form_ID":"d5b7ac41328d7a8b935802ddb82752eb"},{"Customer_Name":"E","Calendar_week":13,"Amount":21.0,"PickAndPay":1,"Revenue":43103.37,"Invoice_Date":"2019-03-29","Article_Number":"123428001","Article_Name":"ROLL 125\/95X70","Order_Form_ID":"1a52e923536728490da97c973f30d2d1"},{"Customer_Name":"E","Calendar_week":13,"Amount":1.0,"PickAndPay":1,"Revenue":138.5,"Invoice_Date":"2019-03-29","Article_Number":"124133400","Article_Name":"FLAT PACKING 21 X 30  X 2","Order_Form_ID":"1a52e923536728490da97c973f30d2d1"},{"Customer_Name":"E","Calendar_week":13,"Amount":16.0,"PickAndPay":1,"Revenue":9852.14,"Invoice_Date":"2019-03-29","Article_Number":"104581595","Article_Name":"BRAKE LINING CORRUDUR® 64X5X10","Order_Form_ID":"1a52e923536728490da97c973f30d2d1"},{"Customer_Name":"E","Calendar_week":13,"Amount":1.0,"PickAndPay":1,"Revenue":2692.29,"Invoice_Date":"2019-03-29","Article_Number":"197617300","Article_Name":"PROXIMITY SWITCH 10-30VDC\/PNP\/4MM","Order_Form_ID":"1a52e923536728490da97c973f30d2d1"},{"Customer_Name":"E","Calendar_week":13,"Amount":1.0,"PickAndPay":1,"Revenue":2505.7,"Invoice_Date":"2019-03-29","Article_Number":"100335702","Article_Name":"BACOMIN V42-50 UNIVERSAL 400ML","Order_Form_ID":"1a52e923536728490da97c973f30d2d1"},{"Customer_Name":"E","Calendar_week":13,"Amount":200.0,"PickAndPay":1,"Revenue":3838.52,"Invoice_Date":"2019-03-29","Article_Number":"107254210","Article_Name":"FELT 46X35X10MM","Order_Form_ID":"1a52e923536728490da97c973f30d2d1"},{"Customer_Name":"E","Calendar_week":13,"Amount":6.0,"PickAndPay":1,"Revenue":32787.35,"Invoice_Date":"2019-03-29","Article_Number":"105303998","Article_Name":"DISC CUT KNIFE 240X1,2MM,28°","Order_Form_ID":"1a52e923536728490da97c973f30d2d1"},{"Customer_Name":"E","Calendar_week":13,"Amount":2.0,"PickAndPay":1,"Revenue":7303.85,"Invoice_Date":"2019-03-29","Article_Number":"199825802","Article_Name":"PERFLU H1 HIGH TEMP 0,8KG","Order_Form_ID":"1a52e923536728490da97c973f30d2d1"},{"Customer_Name":"E","Calendar_week":13,"Amount":1.0,"PickAndPay":1,"Revenue":38.47,"Invoice_Date":"2019-03-29","Article_Number":"150011","Article_Name":"FLAT PACKING 3\/4\"\/ 27X38X2","Order_Form_ID":"1a52e923536728490da97c973f30d2d1"},{"Customer_Name":"E","Calendar_week":13,"Amount":1.0,"PickAndPay":1,"Revenue":3092.14,"Invoice_Date":"2019-03-29","Article_Number":"105407210","Article_Name":"TOOTHED BELT 29,5X 8X 640","Order_Form_ID":"1a52e923536728490da97c973f30d2d1"},{"Customer_Name":"E","Calendar_week":14,"Amount":21.0,"PickAndPay":1,"Revenue":1266.32,"Invoice_Date":"2019-04-02","Article_Number":"123428001","Article_Name":"ROLL 125\/95X70","Order_Form_ID":"0cb2e6ccb433b5fa6188cecaccc54c26"},{"Customer_Name":"E","Calendar_week":14,"Amount":16.0,"PickAndPay":1,"Revenue":28.31,"Invoice_Date":"2019-04-02","Article_Number":"104581595","Article_Name":"BRAKE LINING CORRUDUR® 64X5X10","Order_Form_ID":"0cb2e6ccb433b5fa6188cecaccc54c26"},{"Customer_Name":"E","Calendar_week":14,"Amount":1.0,"PickAndPay":1,"Revenue":0.55,"Invoice_Date":"2019-04-02","Article_Number":"197617300","Article_Name":"PROXIMITY SWITCH 10-30VDC\/PNP\/4MM","Order_Form_ID":"0cb2e6ccb433b5fa6188cecaccc54c26"},{"Customer_Name":"E","Calendar_week":14,"Amount":1.0,"PickAndPay":1,"Revenue":15.11,"Invoice_Date":"2019-04-02","Article_Number":"100335702","Article_Name":"BACOMIN V42-50 UNIVERSAL 400ML","Order_Form_ID":"0cb2e6ccb433b5fa6188cecaccc54c26"},{"Customer_Name":"E","Calendar_week":14,"Amount":200.0,"PickAndPay":1,"Revenue":27.21,"Invoice_Date":"2019-04-02","Article_Number":"107254210","Article_Name":"FELT 46X35X10MM","Order_Form_ID":"0cb2e6ccb433b5fa6188cecaccc54c26"},{"Customer_Name":"E","Calendar_week":14,"Amount":6.0,"PickAndPay":1,"Revenue":208.58,"Invoice_Date":"2019-04-02","Article_Number":"105303998","Article_Name":"DISC CUT KNIFE 240X1,2MM,28°","Order_Form_ID":"0cb2e6ccb433b5fa6188cecaccc54c26"},{"Customer_Name":"E","Calendar_week":14,"Amount":2.0,"PickAndPay":1,"Revenue":57.16,"Invoice_Date":"2019-04-02","Article_Number":"199825802","Article_Name":"PERFLU H1 HIGH TEMP 0,8KG","Order_Form_ID":"0cb2e6ccb433b5fa6188cecaccc54c26"},{"Customer_Name":"E","Calendar_week":14,"Amount":1.0,"PickAndPay":1,"Revenue":2.75,"Invoice_Date":"2019-04-02","Article_Number":"105407210","Article_Name":"TOOTHED BELT 29,5X 8X 640","Order_Form_ID":"0cb2e6ccb433b5fa6188cecaccc54c26"},{"Customer_Name":"E","Calendar_week":14,"Amount":1.0,"PickAndPay":1,"Revenue":1126.71,"Invoice_Date":"2019-04-02","Article_Number":"110680400","Article_Name":"PACKING CHARGES (PAL-BOX I) 830X580X680","Order_Form_ID":"0cb2e6ccb433b5fa6188cecaccc54c26"},{"Customer_Name":"E","Calendar_week":15,"Amount":1.0,"PickAndPay":0,"Revenue":3641.21,"Invoice_Date":"2019-04-08","Article_Number":"101183803","Article_Name":"POTENTIOMETER 5KOHM","Order_Form_ID":"1b79cd563247512e564b3484f2abe2f8"},{"Customer_Name":"E","Calendar_week":15,"Amount":1.0,"PickAndPay":0,"Revenue":203.36,"Invoice_Date":"2019-04-08","Article_Number":"110991000","Article_Name":"PACKING CHARGES (CARTON) 200X200X80","Order_Form_ID":"1b79cd563247512e564b3484f2abe2f8"},{"Customer_Name":"E","Calendar_week":17,"Amount":5.0,"PickAndPay":0,"Revenue":72472.93,"Invoice_Date":"2019-04-24","Article_Number":"201758600","Article_Name":"ULTRA-SONIC SENSOR","Order_Form_ID":"c1439c16b0b36243eceae16414edf04c"},{"Customer_Name":"E","Calendar_week":17,"Amount":1.0,"PickAndPay":0,"Revenue":203.36,"Invoice_Date":"2019-04-24","Article_Number":"110991002","Article_Name":"PACKING CHARGES (CARTON) 300X300X200","Order_Form_ID":"c1439c16b0b36243eceae16414edf04c"},{"Customer_Name":"E","Calendar_week":18,"Amount":20.0,"PickAndPay":0,"Revenue":57176.02,"Invoice_Date":"2019-04-30","Article_Number":"102955404","Article_Name":"BRUSH 1,0X300X510","Order_Form_ID":"6406d48e16a5986697d45641e1afe88a"},{"Customer_Name":"E","Calendar_week":18,"Amount":1.0,"PickAndPay":0,"Revenue":1154.19,"Invoice_Date":"2019-04-30","Article_Number":"110680400","Article_Name":"PACKING CHARGES (PAL-BOX I) 830X580X680","Order_Form_ID":"6406d48e16a5986697d45641e1afe88a"},{"Customer_Name":"E","Calendar_week":18,"Amount":1.0,"PickAndPay":1,"Revenue":60563.3,"Invoice_Date":"2019-04-30","Article_Number":"121010680","Article_Name":"ROTARY STEAM JOINT","Order_Form_ID":"5a300151532b0ebfb48d5ceef2c23b17"},{"Customer_Name":"E","Calendar_week":18,"Amount":9.0,"PickAndPay":1,"Revenue":12475.19,"Invoice_Date":"2019-04-30","Article_Number":"105406991","Article_Name":"GRINDING WHEEL 50X11X19MM","Order_Form_ID":"5a300151532b0ebfb48d5ceef2c23b17"},{"Customer_Name":"E","Calendar_week":18,"Amount":100.0,"PickAndPay":1,"Revenue":2025.89,"Invoice_Date":"2019-04-30","Article_Number":"107254210","Article_Name":"FELT 46X35X10MM","Order_Form_ID":"5a300151532b0ebfb48d5ceef2c23b17"},{"Customer_Name":"E","Calendar_week":18,"Amount":8.0,"PickAndPay":1,"Revenue":44995.97,"Invoice_Date":"2019-04-30","Article_Number":"105303998","Article_Name":"DISC CUT KNIFE 240X1,2MM,28°","Order_Form_ID":"5a300151532b0ebfb48d5ceef2c23b17"},{"Customer_Name":"E","Calendar_week":18,"Amount":1.0,"PickAndPay":1,"Revenue":2159.17,"Invoice_Date":"2019-04-30","Article_Number":"119826410","Article_Name":"STEAM HOSE 1\"X350MM","Order_Form_ID":"5a300151532b0ebfb48d5ceef2c23b17"},{"Customer_Name":"E","Calendar_week":18,"Amount":3.0,"PickAndPay":1,"Revenue":11275.65,"Invoice_Date":"2019-04-30","Article_Number":"199825802","Article_Name":"PERFLU H1 HIGH TEMP 0,8KG","Order_Form_ID":"5a300151532b0ebfb48d5ceef2c23b17"},{"Customer_Name":"E","Calendar_week":18,"Amount":1.0,"PickAndPay":1,"Revenue":81.34,"Invoice_Date":"2019-04-30","Article_Number":"113878200","Article_Name":"FLAT PACKING 42X56X2","Order_Form_ID":"5a300151532b0ebfb48d5ceef2c23b17"},{"Customer_Name":"E","Calendar_week":18,"Amount":1.0,"PickAndPay":1,"Revenue":1439.44,"Invoice_Date":"2019-04-30","Article_Number":"109612522","Article_Name":"SEALING LEDGE 5,5X65X2965","Order_Form_ID":"5a300151532b0ebfb48d5ceef2c23b17"},{"Customer_Name":"E","Calendar_week":18,"Amount":1.0,"PickAndPay":0,"Revenue":17232.66,"Invoice_Date":"2019-05-02","Article_Number":"108034391","Article_Name":"HOLDING DEVICE","Order_Form_ID":"7af2a989de1d33b1add55cd930362acd"},{"Customer_Name":"E","Calendar_week":18,"Amount":4.0,"PickAndPay":0,"Revenue":571.33,"Invoice_Date":"2019-05-02","Article_Number":"107408700","Article_Name":"FLAT SPRING 0,8X10X56","Order_Form_ID":"7af2a989de1d33b1add55cd930362acd"},{"Customer_Name":"E","Calendar_week":18,"Amount":6.0,"PickAndPay":0,"Revenue":4772.32,"Invoice_Date":"2019-05-02","Article_Number":"108030999","Article_Name":"BOLT 16X25\/M8","Order_Form_ID":"7af2a989de1d33b1add55cd930362acd"},{"Customer_Name":"E","Calendar_week":18,"Amount":1.0,"PickAndPay":0,"Revenue":17231.01,"Invoice_Date":"2019-05-02","Article_Number":"108034291","Article_Name":"HOLDING DEVICE","Order_Form_ID":"7af2a989de1d33b1add55cd930362acd"},{"Customer_Name":"E","Calendar_week":18,"Amount":2.0,"PickAndPay":0,"Revenue":1165.19,"Invoice_Date":"2019-05-02","Article_Number":"111125600","Article_Name":"LEDGE 8X8X149","Order_Form_ID":"7af2a989de1d33b1add55cd930362acd"},{"Customer_Name":"E","Calendar_week":18,"Amount":2.0,"PickAndPay":0,"Revenue":902.47,"Invoice_Date":"2019-05-02","Article_Number":"107406601","Article_Name":"SEAL 3X75X200","Order_Form_ID":"7af2a989de1d33b1add55cd930362acd"},{"Customer_Name":"E","Calendar_week":18,"Amount":2.0,"PickAndPay":0,"Revenue":1162.16,"Invoice_Date":"2019-05-02","Article_Number":"111125400","Article_Name":"LEDGE 8X8X95","Order_Form_ID":"7af2a989de1d33b1add55cd930362acd"},{"Customer_Name":"E","Calendar_week":18,"Amount":1.0,"PickAndPay":0,"Revenue":203.36,"Invoice_Date":"2019-05-02","Article_Number":"110991004","Article_Name":"PACKING CHARGES (CARTON) 610X410X230","Order_Form_ID":"7af2a989de1d33b1add55cd930362acd"},{"Customer_Name":"E","Calendar_week":18,"Amount":1.0,"PickAndPay":1,"Revenue":583.69,"Invoice_Date":"2019-05-03","Article_Number":"121010680","Article_Name":"ROTARY STEAM JOINT","Order_Form_ID":"83e239b625d6f2d792b1424bad2f2880"},{"Customer_Name":"E","Calendar_week":18,"Amount":9.0,"PickAndPay":1,"Revenue":14.29,"Invoice_Date":"2019-05-03","Article_Number":"105406991","Article_Name":"GRINDING WHEEL 50X11X19MM","Order_Form_ID":"83e239b625d6f2d792b1424bad2f2880"},{"Customer_Name":"E","Calendar_week":18,"Amount":100.0,"PickAndPay":1,"Revenue":15.94,"Invoice_Date":"2019-05-03","Article_Number":"107254210","Article_Name":"FELT 46X35X10MM","Order_Form_ID":"83e239b625d6f2d792b1424bad2f2880"},{"Customer_Name":"E","Calendar_week":18,"Amount":8.0,"PickAndPay":1,"Revenue":326.2,"Invoice_Date":"2019-05-03","Article_Number":"105303998","Article_Name":"DISC CUT KNIFE 240X1,2MM,28°","Order_Form_ID":"83e239b625d6f2d792b1424bad2f2880"},{"Customer_Name":"E","Calendar_week":18,"Amount":1.0,"PickAndPay":1,"Revenue":22.81,"Invoice_Date":"2019-05-03","Article_Number":"119826410","Article_Name":"STEAM HOSE 1\"X350MM","Order_Form_ID":"83e239b625d6f2d792b1424bad2f2880"},{"Customer_Name":"E","Calendar_week":18,"Amount":3.0,"PickAndPay":1,"Revenue":100.85,"Invoice_Date":"2019-05-03","Article_Number":"199825802","Article_Name":"PERFLU H1 HIGH TEMP 0,8KG","Order_Form_ID":"83e239b625d6f2d792b1424bad2f2880"},{"Customer_Name":"E","Calendar_week":18,"Amount":1.0,"PickAndPay":1,"Revenue":21.98,"Invoice_Date":"2019-05-03","Article_Number":"109612522","Article_Name":"SEALING LEDGE 5,5X65X2965","Order_Form_ID":"83e239b625d6f2d792b1424bad2f2880"},{"Customer_Name":"E","Calendar_week":18,"Amount":2.0,"PickAndPay":1,"Revenue":406.72,"Invoice_Date":"2019-05-03","Article_Number":"110991003","Article_Name":"PACKING CHARGES (CARTON) 360X360X250","Order_Form_ID":"83e239b625d6f2d792b1424bad2f2880"},{"Customer_Name":"E","Calendar_week":19,"Amount":5.0,"PickAndPay":0,"Revenue":437.49,"Invoice_Date":"2019-05-09","Article_Number":"129877400","Article_Name":"THREADED PIN M16X60","Order_Form_ID":"e7eeb5aba08146ebda7b5742df682ab7"},{"Customer_Name":"E","Calendar_week":19,"Amount":5.0,"PickAndPay":0,"Revenue":556.76,"Invoice_Date":"2019-05-09","Article_Number":"100323200","Article_Name":"PRESSURE SPRING 2,50X16,0X61,0","Order_Form_ID":"e7eeb5aba08146ebda7b5742df682ab7"},{"Customer_Name":"E","Calendar_week":19,"Amount":5.0,"PickAndPay":0,"Revenue":429.25,"Invoice_Date":"2019-05-09","Article_Number":"153141800","Article_Name":"PLATE BL2; 128,5X25","Order_Form_ID":"e7eeb5aba08146ebda7b5742df682ab7"},{"Customer_Name":"E","Calendar_week":19,"Amount":2.0,"PickAndPay":0,"Revenue":9541.89,"Invoice_Date":"2019-05-09","Article_Number":"124173800","Article_Name":"GUIDE FL 127,5X55X55","Order_Form_ID":"e7eeb5aba08146ebda7b5742df682ab7"},{"Customer_Name":"E","Calendar_week":19,"Amount":4.0,"PickAndPay":0,"Revenue":5393.93,"Invoice_Date":"2019-05-09","Article_Number":"119073901","Article_Name":"METAL-RUBBER-BUFFER D75X40-M12X37","Order_Form_ID":"e7eeb5aba08146ebda7b5742df682ab7"},{"Customer_Name":"E","Calendar_week":19,"Amount":2.0,"PickAndPay":0,"Revenue":9541.06,"Invoice_Date":"2019-05-09","Article_Number":"124091800","Article_Name":"GUIDE FL 127,5X55X55","Order_Form_ID":"e7eeb5aba08146ebda7b5742df682ab7"},{"Customer_Name":"E","Calendar_week":19,"Amount":1.0,"PickAndPay":0,"Revenue":203.36,"Invoice_Date":"2019-05-09","Article_Number":"110991002","Article_Name":"PACKING CHARGES (CARTON) 300X300X200","Order_Form_ID":"e7eeb5aba08146ebda7b5742df682ab7"},{"Customer_Name":"E","Calendar_week":20,"Amount":-4.0,"PickAndPay":1,"Revenue":-44299.06,"Invoice_Date":"2019-05-16","Article_Number":"140172800","Article_Name":"FILTER ELEMENT FÜR 50\/60HZ","Order_Form_ID":"5f905f6835d79f0e4e41e29732c98e3e"},{"Customer_Name":"E","Calendar_week":20,"Amount":-4.0,"PickAndPay":1,"Revenue":-571.6,"Invoice_Date":"2019-05-16","Article_Number":"155999","Article_Name":"BUSH 40X 44X 20","Order_Form_ID":"5f905f6835d79f0e4e41e29732c98e3e"},{"Customer_Name":"E","Calendar_week":20,"Amount":-6.0,"PickAndPay":1,"Revenue":-12036.59,"Invoice_Date":"2019-05-16","Article_Number":"181302","Article_Name":"SEALING RING 89,1X59,7X19,5 MM","Order_Form_ID":"5f905f6835d79f0e4e41e29732c98e3e"},{"Customer_Name":"E","Calendar_week":20,"Amount":-24.0,"PickAndPay":1,"Revenue":-488.06,"Invoice_Date":"2019-05-16","Article_Number":"181817","Article_Name":"PLATE SPRING 40,0X20,4X1,00","Order_Form_ID":"5f905f6835d79f0e4e41e29732c98e3e"},{"Customer_Name":"E","Calendar_week":20,"Amount":-4.0,"PickAndPay":1,"Revenue":-1154.19,"Invoice_Date":"2019-05-16","Article_Number":"100860700","Article_Name":"BUSH 50X55X30","Order_Form_ID":"5f905f6835d79f0e4e41e29732c98e3e"},{"Customer_Name":"E","Calendar_week":20,"Amount":-20.0,"PickAndPay":1,"Revenue":-2198.46,"Invoice_Date":"2019-05-16","Article_Number":"100868100","Article_Name":"RUBBER PROFILE 18.5X21.5, PACKING UNIT:","Order_Form_ID":"5f905f6835d79f0e4e41e29732c98e3e"},{"Customer_Name":"E","Calendar_week":20,"Amount":-6.0,"PickAndPay":1,"Revenue":-489.71,"Invoice_Date":"2019-05-16","Article_Number":"101951401","Article_Name":"RUBBER EDGE 5X75X35","Order_Form_ID":"5f905f6835d79f0e4e41e29732c98e3e"},{"Customer_Name":"E","Calendar_week":20,"Amount":-1.0,"PickAndPay":1,"Revenue":-763.97,"Invoice_Date":"2019-05-16","Article_Number":"102590601","Article_Name":"SERVICE-SET G1\/4 - 63X20","Order_Form_ID":"5f905f6835d79f0e4e41e29732c98e3e"},{"Customer_Name":"E","Calendar_week":20,"Amount":-33.0,"PickAndPay":1,"Revenue":-2702.46,"Invoice_Date":"2019-05-16","Article_Number":"103373900","Article_Name":"FOIL 40 BR. 0,25 ST","Order_Form_ID":"5f905f6835d79f0e4e41e29732c98e3e"},{"Customer_Name":"E","Calendar_week":20,"Amount":-1.0,"PickAndPay":1,"Revenue":-2006.1,"Invoice_Date":"2019-05-16","Article_Number":"103423950","Article_Name":"RUBBER PLATE 200X3X2900","Order_Form_ID":"5f905f6835d79f0e4e41e29732c98e3e"},{"Customer_Name":"E","Calendar_week":20,"Amount":-6.0,"PickAndPay":1,"Revenue":-840.91,"Invoice_Date":"2019-05-16","Article_Number":"104212300","Article_Name":"O-RING 240,00X5,00","Order_Form_ID":"5f905f6835d79f0e4e41e29732c98e3e"},{"Customer_Name":"E","Calendar_week":20,"Amount":-10.0,"PickAndPay":1,"Revenue":-5633.57,"Invoice_Date":"2019-05-16","Article_Number":"104581510","Article_Name":"BRAKE LINING","Order_Form_ID":"5f905f6835d79f0e4e41e29732c98e3e"},{"Customer_Name":"E","Calendar_week":20,"Amount":-4.0,"PickAndPay":1,"Revenue":-571.6,"Invoice_Date":"2019-05-16","Article_Number":"107408700","Article_Name":"FLAT SPRING 0,8X10X56","Order_Form_ID":"5f905f6835d79f0e4e41e29732c98e3e"},{"Customer_Name":"E","Calendar_week":20,"Amount":-6.0,"PickAndPay":1,"Revenue":-857.4,"Invoice_Date":"2019-05-16","Article_Number":"107408701","Article_Name":"FLAT SPRING 0,8X10X33,5","Order_Form_ID":"5f905f6835d79f0e4e41e29732c98e3e"},{"Customer_Name":"E","Calendar_week":20,"Amount":-1.0,"PickAndPay":1,"Revenue":-60237.93,"Invoice_Date":"2019-05-16","Article_Number":"107938800","Article_Name":"TACHOGENERATOR 60V-1000UPM","Order_Form_ID":"5f905f6835d79f0e4e41e29732c98e3e"},{"Customer_Name":"E","Calendar_week":20,"Amount":-1.0,"PickAndPay":1,"Revenue":-12009.11,"Invoice_Date":"2019-05-16","Article_Number":"108214400","Article_Name":"V-BELT, CORDED L=3493","Order_Form_ID":"5f905f6835d79f0e4e41e29732c98e3e"},{"Customer_Name":"E","Calendar_week":20,"Amount":-4.0,"PickAndPay":1,"Revenue":-11541.94,"Invoice_Date":"2019-05-16","Article_Number":"108224010","Article_Name":"SEAL 10X245X223,5","Order_Form_ID":"5f905f6835d79f0e4e41e29732c98e3e"},{"Customer_Name":"E","Calendar_week":20,"Amount":-4.0,"PickAndPay":1,"Revenue":-9123.63,"Invoice_Date":"2019-05-16","Article_Number":"108224110","Article_Name":"SEAL 10X173X100,5","Order_Form_ID":"5f905f6835d79f0e4e41e29732c98e3e"},{"Customer_Name":"E","Calendar_week":20,"Amount":-4.0,"PickAndPay":1,"Revenue":-11541.94,"Invoice_Date":"2019-05-16","Article_Number":"108224310","Article_Name":"SEAL 15X175X71  CUZN","Order_Form_ID":"5f905f6835d79f0e4e41e29732c98e3e"},{"Customer_Name":"E","Calendar_week":20,"Amount":-9.0,"PickAndPay":1,"Revenue":-734.56,"Invoice_Date":"2019-05-16","Article_Number":"109611300","Article_Name":"PRESSURE SPRING 1,50X10,5X55,0","Order_Form_ID":"5f905f6835d79f0e4e41e29732c98e3e"},{"Customer_Name":"E","Calendar_week":20,"Amount":-2.0,"PickAndPay":1,"Revenue":-28689.96,"Invoice_Date":"2019-05-16","Article_Number":"109649600","Article_Name":"MEASURING WHEEL 159\/12X50","Order_Form_ID":"5f905f6835d79f0e4e41e29732c98e3e"},{"Customer_Name":"E","Calendar_week":20,"Amount":-1.0,"PickAndPay":1,"Revenue":-98.93,"Invoice_Date":"2019-05-16","Article_Number":"112493000","Article_Name":"ROUND FOAM RUBBER PROFILE D=6\/-0,5","Order_Form_ID":"5f905f6835d79f0e4e41e29732c98e3e"},{"Customer_Name":"E","Calendar_week":20,"Amount":-1.0,"PickAndPay":1,"Revenue":-13080.86,"Invoice_Date":"2019-05-16","Article_Number":"112563899","Article_Name":"SEALING 23X100X256LG","Order_Form_ID":"5f905f6835d79f0e4e41e29732c98e3e"},{"Customer_Name":"E","Calendar_week":20,"Amount":-1.0,"PickAndPay":1,"Revenue":-288.55,"Invoice_Date":"2019-05-16","Article_Number":"114816800","Article_Name":"SEALING LEDGE 5,5X15X160LG","Order_Form_ID":"5f905f6835d79f0e4e41e29732c98e3e"},{"Customer_Name":"E","Calendar_week":20,"Amount":-4.0,"PickAndPay":1,"Revenue":-7035.09,"Invoice_Date":"2019-05-16","Article_Number":"118550401","Article_Name":"RADIAL BALL BEARING 95X120X13","Order_Form_ID":"5f905f6835d79f0e4e41e29732c98e3e"},{"Customer_Name":"E","Calendar_week":20,"Amount":-2.0,"PickAndPay":1,"Revenue":-15609.1,"Invoice_Date":"2019-05-16","Article_Number":"122560402","Article_Name":"SET OF SPARE PARTS","Order_Form_ID":"5f905f6835d79f0e4e41e29732c98e3e"},{"Customer_Name":"E","Calendar_week":20,"Amount":-1.0,"PickAndPay":1,"Revenue":-989.31,"Invoice_Date":"2019-05-16","Article_Number":"138378900","Article_Name":"NAIL BAR 20X8X203,5","Order_Form_ID":"5f905f6835d79f0e4e41e29732c98e3e"},{"Customer_Name":"E","Calendar_week":20,"Amount":-21.0,"PickAndPay":1,"Revenue":-45590.66,"Invoice_Date":"2019-05-16","Article_Number":"144934001","Article_Name":"EXPANDED RUBBER DISK D 335 MM","Order_Form_ID":"5f905f6835d79f0e4e41e29732c98e3e"},{"Customer_Name":"E","Calendar_week":20,"Amount":-18.0,"PickAndPay":1,"Revenue":-5589.6,"Invoice_Date":"2019-05-16","Article_Number":"144936900","Article_Name":"EXPANDED RUBBER DISK D200\/86X70","Order_Form_ID":"5f905f6835d79f0e4e41e29732c98e3e"},{"Customer_Name":"E","Calendar_week":20,"Amount":-9.0,"PickAndPay":1,"Revenue":-3141.06,"Invoice_Date":"2019-05-16","Article_Number":"181300.02","Article_Name":"SEAL D116X99X2","Order_Form_ID":"5f905f6835d79f0e4e41e29732c98e3e"},{"Customer_Name":"E","Calendar_week":21,"Amount":5.0,"PickAndPay":0,"Revenue":1775.26,"Invoice_Date":"2019-05-22","Article_Number":"121606100","Article_Name":"RETURN SPRING","Order_Form_ID":"3e8b0135eb0c0be6eef2d23e73efeb5c"},{"Customer_Name":"E","Calendar_week":21,"Amount":1.0,"PickAndPay":0,"Revenue":203.36,"Invoice_Date":"2019-05-22","Article_Number":"110991000","Article_Name":"PACKING CHARGES (CARTON) 200X200X80","Order_Form_ID":"3e8b0135eb0c0be6eef2d23e73efeb5c"},{"Customer_Name":"E","Calendar_week":22,"Amount":1.0,"PickAndPay":1,"Revenue":17806.46,"Invoice_Date":"2019-05-29","Article_Number":"100686320","Article_Name":"COMPRESSED-AIR MOTOR","Order_Form_ID":"4d5c22317cd0fa2297d1a91bd0a25e6f"},{"Customer_Name":"E","Calendar_week":22,"Amount":1.0,"PickAndPay":1,"Revenue":3758.55,"Invoice_Date":"2019-05-29","Article_Number":"199825802","Article_Name":"PERFLU H1 HIGH TEMP 0,8KG","Order_Form_ID":"4d5c22317cd0fa2297d1a91bd0a25e6f"},{"Customer_Name":"E","Calendar_week":22,"Amount":1.0,"PickAndPay":1,"Revenue":1679.35,"Invoice_Date":"2019-05-29","Article_Number":"111125198","Article_Name":"GLUE DAM JOINT 3X128X197","Order_Form_ID":"4d5c22317cd0fa2297d1a91bd0a25e6f"},{"Customer_Name":"E","Calendar_week":22,"Amount":1.0,"PickAndPay":1,"Revenue":1679.35,"Invoice_Date":"2019-05-29","Article_Number":"111125199","Article_Name":"GLUE DAM JOINT 3X128X197","Order_Form_ID":"4d5c22317cd0fa2297d1a91bd0a25e6f"},{"Customer_Name":"E","Calendar_week":22,"Amount":1.0,"PickAndPay":1,"Revenue":1572.73,"Invoice_Date":"2019-05-29","Article_Number":"163270928","Article_Name":"SCRAPER BLADE CORRUDUR® 2850X50X1,5","Order_Form_ID":"4d5c22317cd0fa2297d1a91bd0a25e6f"},{"Customer_Name":"E","Calendar_week":22,"Amount":2.0,"PickAndPay":1,"Revenue":1626.04,"Invoice_Date":"2019-05-29","Article_Number":"553374","Article_Name":"SEALING ELEMENT RAD.288.5X260","Order_Form_ID":"4d5c22317cd0fa2297d1a91bd0a25e6f"},{"Customer_Name":"E","Calendar_week":22,"Amount":2.0,"PickAndPay":1,"Revenue":5757.78,"Invoice_Date":"2019-05-29","Article_Number":"111125303","Article_Name":"GLUE DAM JOINT 3X260X220","Order_Form_ID":"4d5c22317cd0fa2297d1a91bd0a25e6f"},{"Customer_Name":"E","Calendar_week":22,"Amount":2.0,"PickAndPay":1,"Revenue":2665.64,"Invoice_Date":"2019-05-29","Article_Number":"155448002","Article_Name":"BHS-ACTIVE DECALCER 2,5L","Order_Form_ID":"4d5c22317cd0fa2297d1a91bd0a25e6f"},{"Customer_Name":"E","Calendar_week":22,"Amount":16.0,"PickAndPay":1,"Revenue":9254.99,"Invoice_Date":"2019-05-29","Article_Number":"123052320","Article_Name":"NO-CRUSH-ROLLER 165X65X50","Order_Form_ID":"4d5c22317cd0fa2297d1a91bd0a25e6f"},{"Customer_Name":"E","Calendar_week":22,"Amount":16.0,"PickAndPay":1,"Revenue":10107.99,"Invoice_Date":"2019-05-29","Article_Number":"104581595","Article_Name":"BRAKE LINING CORRUDUR® 64X5X10","Order_Form_ID":"4d5c22317cd0fa2297d1a91bd0a25e6f"},{"Customer_Name":"E","Calendar_week":22,"Amount":100.0,"PickAndPay":1,"Revenue":2025.89,"Invoice_Date":"2019-05-29","Article_Number":"107254210","Article_Name":"FELT 46X35X10MM","Order_Form_ID":"4d5c22317cd0fa2297d1a91bd0a25e6f"},{"Customer_Name":"E","Calendar_week":23,"Amount":1.0,"PickAndPay":1,"Revenue":45.89,"Invoice_Date":"2019-06-05","Article_Number":"851002170","Article_Name":"COMPRESSED-AIR MOTOR","Order_Form_ID":"27f9be8e6709b6dc0d386f34af427d43"},{"Customer_Name":"E","Calendar_week":23,"Amount":1.0,"PickAndPay":1,"Revenue":34.35,"Invoice_Date":"2019-06-05","Article_Number":"199825802","Article_Name":"PERFLU H1 HIGH TEMP 0,8KG","Order_Form_ID":"27f9be8e6709b6dc0d386f34af427d43"},{"Customer_Name":"E","Calendar_week":23,"Amount":1.0,"PickAndPay":1,"Revenue":8.52,"Invoice_Date":"2019-06-05","Article_Number":"111125198","Article_Name":"GLUE DAM JOINT 3X128X197","Order_Form_ID":"27f9be8e6709b6dc0d386f34af427d43"},{"Customer_Name":"E","Calendar_week":23,"Amount":1.0,"PickAndPay":1,"Revenue":7.69,"Invoice_Date":"2019-06-05","Article_Number":"111125199","Article_Name":"GLUE DAM JOINT 3X128X197","Order_Form_ID":"27f9be8e6709b6dc0d386f34af427d43"},{"Customer_Name":"E","Calendar_week":23,"Amount":1.0,"PickAndPay":1,"Revenue":15.66,"Invoice_Date":"2019-06-05","Article_Number":"163270928","Article_Name":"SCRAPER BLADE CORRUDUR® 2850X50X1,5","Order_Form_ID":"27f9be8e6709b6dc0d386f34af427d43"},{"Customer_Name":"E","Calendar_week":23,"Amount":2.0,"PickAndPay":1,"Revenue":7.69,"Invoice_Date":"2019-06-05","Article_Number":"553374","Article_Name":"SEALING ELEMENT RAD.288.5X260","Order_Form_ID":"27f9be8e6709b6dc0d386f34af427d43"},{"Customer_Name":"E","Calendar_week":23,"Amount":2.0,"PickAndPay":1,"Revenue":48.92,"Invoice_Date":"2019-06-05","Article_Number":"111125303","Article_Name":"GLUE DAM JOINT 3X260X220","Order_Form_ID":"27f9be8e6709b6dc0d386f34af427d43"},{"Customer_Name":"E","Calendar_week":23,"Amount":2.0,"PickAndPay":1,"Revenue":270.41,"Invoice_Date":"2019-06-05","Article_Number":"155448002","Article_Name":"BHS-ACTIVE DECALCER 2,5L","Order_Form_ID":"27f9be8e6709b6dc0d386f34af427d43"},{"Customer_Name":"E","Calendar_week":23,"Amount":16.0,"PickAndPay":1,"Revenue":350.38,"Invoice_Date":"2019-06-05","Article_Number":"123052320","Article_Name":"NO-CRUSH-ROLLER 165X65X50","Order_Form_ID":"27f9be8e6709b6dc0d386f34af427d43"},{"Customer_Name":"E","Calendar_week":23,"Amount":16.0,"PickAndPay":1,"Revenue":33.8,"Invoice_Date":"2019-06-05","Article_Number":"104581595","Article_Name":"BRAKE LINING CORRUDUR® 64X5X10","Order_Form_ID":"27f9be8e6709b6dc0d386f34af427d43"},{"Customer_Name":"E","Calendar_week":23,"Amount":100.0,"PickAndPay":1,"Revenue":16.21,"Invoice_Date":"2019-06-05","Article_Number":"107254210","Article_Name":"FELT 46X35X10MM","Order_Form_ID":"27f9be8e6709b6dc0d386f34af427d43"},{"Customer_Name":"E","Calendar_week":23,"Amount":1.0,"PickAndPay":1,"Revenue":203.36,"Invoice_Date":"2019-06-05","Article_Number":"110991002","Article_Name":"PACKING CHARGES (CARTON) 300X300X200","Order_Form_ID":"27f9be8e6709b6dc0d386f34af427d43"},{"Customer_Name":"E","Calendar_week":23,"Amount":1.0,"PickAndPay":1,"Revenue":203.36,"Invoice_Date":"2019-06-05","Article_Number":"110991008","Article_Name":"PACKING CHARGES (CARTON) 720X720X70","Order_Form_ID":"27f9be8e6709b6dc0d386f34af427d43"},{"Customer_Name":"E","Calendar_week":23,"Amount":1.0,"PickAndPay":1,"Revenue":203.36,"Invoice_Date":"2019-06-05","Article_Number":"110991004","Article_Name":"PACKING CHARGES (CARTON) 610X410X230","Order_Form_ID":"27f9be8e6709b6dc0d386f34af427d43"},{"Customer_Name":"E","Calendar_week":24,"Amount":1.0,"PickAndPay":0,"Revenue":52598.26,"Invoice_Date":"2019-06-12","Article_Number":"113007800","Article_Name":"COUPLING 70","Order_Form_ID":"5629aa101c372efa7832633c6f841576"},{"Customer_Name":"E","Calendar_week":24,"Amount":1.0,"PickAndPay":0,"Revenue":10399.56,"Invoice_Date":"2019-06-12","Article_Number":"P030FR001","Article_Name":"FREIGHT CHARGES","Order_Form_ID":"5629aa101c372efa7832633c6f841576"},{"Customer_Name":"E","Calendar_week":24,"Amount":1.0,"PickAndPay":0,"Revenue":35138.61,"Invoice_Date":"2019-06-12","Article_Number":"295324000","Article_Name":"PROXIMITY TRANSDUCER LEIMSPALTREGELUNG","Order_Form_ID":"86db67a99437a2fdca6050952deaaa84"},{"Customer_Name":"E","Calendar_week":24,"Amount":1.0,"PickAndPay":0,"Revenue":203.36,"Invoice_Date":"2019-06-12","Article_Number":"118308700","Article_Name":"PACKING CHARGES (CARTON) 330X163X172 MM","Order_Form_ID":"86db67a99437a2fdca6050952deaaa84"},{"Customer_Name":"E","Calendar_week":26,"Amount":1.0,"PickAndPay":1,"Revenue":345296.33,"Invoice_Date":"2019-06-28","Article_Number":"150337628","Article_Name":"PRESSURE BELT II-QUALITY 2860X 2930","Order_Form_ID":"fe3ef15e9c258cec407825203802768a"},{"Customer_Name":"E","Calendar_week":26,"Amount":200.0,"PickAndPay":1,"Revenue":4051.77,"Invoice_Date":"2019-06-28","Article_Number":"107254210","Article_Name":"FELT 46X35X10MM","Order_Form_ID":"f5c5b87892c77e9a9cdf211885c96689"},{"Customer_Name":"E","Calendar_week":26,"Amount":104.0,"PickAndPay":1,"Revenue":7928.76,"Invoice_Date":"2019-06-28","Article_Number":"106606921","Article_Name":"CLEAN-OUT FINGER BL1.0X98X90LG","Order_Form_ID":"f5c5b87892c77e9a9cdf211885c96689"},{"Customer_Name":"E","Calendar_week":26,"Amount":16.0,"PickAndPay":1,"Revenue":89991.94,"Invoice_Date":"2019-06-28","Article_Number":"105303998","Article_Name":"DISC CUT KNIFE 240X1,2MM,28°","Order_Form_ID":"f5c5b87892c77e9a9cdf211885c96689"},{"Customer_Name":"E","Calendar_week":26,"Amount":6.0,"PickAndPay":1,"Revenue":8316.79,"Invoice_Date":"2019-06-28","Article_Number":"105406991","Article_Name":"GRINDING WHEEL 50X11X19MM","Order_Form_ID":"f5c5b87892c77e9a9cdf211885c96689"},{"Customer_Name":"E","Calendar_week":27,"Amount":5.0,"PickAndPay":0,"Revenue":5873.47,"Invoice_Date":"2019-07-01","Article_Number":"109307627","Article_Name":"RUBBER BUFFER 25\/40X46","Order_Form_ID":"863ba5afdd2f161f34b06f20e06c275f"},{"Customer_Name":"E","Calendar_week":27,"Amount":136.0,"PickAndPay":0,"Revenue":51719.98,"Invoice_Date":"2019-07-01","Article_Number":"139372428","Article_Name":"FRICTION LINING 50MM \/68M","Order_Form_ID":"863ba5afdd2f161f34b06f20e06c275f"},{"Customer_Name":"E","Calendar_week":27,"Amount":2.0,"PickAndPay":0,"Revenue":1399.87,"Invoice_Date":"2019-07-01","Article_Number":"183980","Article_Name":"LOCTITE-424","Order_Form_ID":"863ba5afdd2f161f34b06f20e06c275f"},{"Customer_Name":"E","Calendar_week":27,"Amount":1.0,"PickAndPay":0,"Revenue":203.36,"Invoice_Date":"2019-07-01","Article_Number":"110991004","Article_Name":"PACKING CHARGES (CARTON) 610X410X230","Order_Form_ID":"863ba5afdd2f161f34b06f20e06c275f"},{"Customer_Name":"E","Calendar_week":27,"Amount":200.0,"PickAndPay":1,"Revenue":31.05,"Invoice_Date":"2019-07-02","Article_Number":"107254210","Article_Name":"FELT 46X35X10MM","Order_Form_ID":"2a934cea7c74c1002258801ed76fb61e"},{"Customer_Name":"E","Calendar_week":27,"Amount":104.0,"PickAndPay":1,"Revenue":162.41,"Invoice_Date":"2019-07-02","Article_Number":"106606921","Article_Name":"CLEAN-OUT FINGER BL1.0X98X90LG","Order_Form_ID":"2a934cea7c74c1002258801ed76fb61e"},{"Customer_Name":"E","Calendar_week":27,"Amount":16.0,"PickAndPay":1,"Revenue":636.46,"Invoice_Date":"2019-07-02","Article_Number":"105303998","Article_Name":"DISC CUT KNIFE 240X1,2MM,28°","Order_Form_ID":"2a934cea7c74c1002258801ed76fb61e"},{"Customer_Name":"E","Calendar_week":27,"Amount":6.0,"PickAndPay":1,"Revenue":9.34,"Invoice_Date":"2019-07-02","Article_Number":"105406991","Article_Name":"GRINDING WHEEL 50X11X19MM","Order_Form_ID":"2a934cea7c74c1002258801ed76fb61e"},{"Customer_Name":"E","Calendar_week":27,"Amount":1.0,"PickAndPay":1,"Revenue":192.37,"Invoice_Date":"2019-07-02","Article_Number":"V00000025","Article_Name":"PACKING CHARGES (CARTON)","Order_Form_ID":"2a934cea7c74c1002258801ed76fb61e"},{"Customer_Name":"E","Calendar_week":27,"Amount":1.0,"PickAndPay":1,"Revenue":203.36,"Invoice_Date":"2019-07-02","Article_Number":"110991003","Article_Name":"PACKING CHARGES (CARTON) 360X360X250","Order_Form_ID":"2a934cea7c74c1002258801ed76fb61e"}]}