{"data":[{"Customer_Name":"B","Calendar_week":4,"Amount":12.0,"PickAndPay":0,"Revenue":63752.72,"Invoice_Date":"2016-01-29","Article_Number":"126292402","Article_Name":"BRUSH ROLL SEGMENT 300X203X216MM","Order_Form_ID":"f8ae58b8e132fbce528e4c11c9569403"},{"Customer_Name":"B","Calendar_week":4,"Amount":1.0,"PickAndPay":0,"Revenue":1099.23,"Invoice_Date":"2016-01-29","Article_Number":"110680400","Article_Name":"PACKING CHARGES (PAL-BOX I) 830X580X680","Order_Form_ID":"f8ae58b8e132fbce528e4c11c9569403"},{"Customer_Name":"B","Calendar_week":11,"Amount":4.0,"PickAndPay":0,"Revenue":564.73,"Invoice_Date":"2016-03-14","Article_Number":"104581513","Article_Name":"O-RING 10X2","Order_Form_ID":"69a6e69fe82901f1e0a913960e681173"},{"Customer_Name":"B","Calendar_week":11,"Amount":168.0,"PickAndPay":0,"Revenue":82115.12,"Invoice_Date":"2016-03-14","Article_Number":"104581595","Article_Name":"BRAKE LINING CORRUDUR® 64X5X10","Order_Form_ID":"69a6e69fe82901f1e0a913960e681173"},{"Customer_Name":"B","Calendar_week":11,"Amount":4.0,"PickAndPay":0,"Revenue":251.17,"Invoice_Date":"2016-03-14","Article_Number":"101951401","Article_Name":"RUBBER EDGE 5X75X35","Order_Form_ID":"69a6e69fe82901f1e0a913960e681173"},{"Customer_Name":"B","Calendar_week":11,"Amount":1.0,"PickAndPay":0,"Revenue":586.44,"Invoice_Date":"2016-03-14","Article_Number":"102590601","Article_Name":"SERVICE-SET G1\/4 - 63X20","Order_Form_ID":"69a6e69fe82901f1e0a913960e681173"},{"Customer_Name":"B","Calendar_week":11,"Amount":33.0,"PickAndPay":0,"Revenue":4373.02,"Invoice_Date":"2016-03-14","Article_Number":"103373903","Article_Name":"FOIL 70 BR. 0,25 ST","Order_Form_ID":"69a6e69fe82901f1e0a913960e681173"},{"Customer_Name":"B","Calendar_week":11,"Amount":1.0,"PickAndPay":0,"Revenue":1542.5,"Invoice_Date":"2016-03-14","Article_Number":"103423950","Article_Name":"RUBBER PLATE 200X3X2900","Order_Form_ID":"69a6e69fe82901f1e0a913960e681173"},{"Customer_Name":"B","Calendar_week":11,"Amount":4.0,"PickAndPay":0,"Revenue":530.1,"Invoice_Date":"2016-03-14","Article_Number":"104230503","Article_Name":"FOAM RUBBER 60X40X12","Order_Form_ID":"69a6e69fe82901f1e0a913960e681173"},{"Customer_Name":"B","Calendar_week":11,"Amount":2.0,"PickAndPay":0,"Revenue":625.46,"Invoice_Date":"2016-03-14","Article_Number":"104230550","Article_Name":"FOAM RUBBER 60X12X2850","Order_Form_ID":"69a6e69fe82901f1e0a913960e681173"},{"Customer_Name":"B","Calendar_week":11,"Amount":6.0,"PickAndPay":0,"Revenue":376.76,"Invoice_Date":"2016-03-14","Article_Number":"118550500","Article_Name":"O-RING 90,00X2,00","Order_Form_ID":"69a6e69fe82901f1e0a913960e681173"},{"Customer_Name":"B","Calendar_week":11,"Amount":1.0,"PickAndPay":0,"Revenue":955.78,"Invoice_Date":"2016-03-14","Article_Number":"601135","Article_Name":"GLUE 1PC=1L","Order_Form_ID":"69a6e69fe82901f1e0a913960e681173"},{"Customer_Name":"B","Calendar_week":11,"Amount":20.0,"PickAndPay":0,"Revenue":1564.21,"Invoice_Date":"2016-03-14","Article_Number":"100868100","Article_Name":"RUBBER PROFILE 18.5X21.5, PACKING UNIT:","Order_Form_ID":"69a6e69fe82901f1e0a913960e681173"},{"Customer_Name":"B","Calendar_week":11,"Amount":5.0,"PickAndPay":0,"Revenue":1108.03,"Invoice_Date":"2016-03-14","Article_Number":"100868500","Article_Name":"RUBBER PROFILE 26X31, PACKING UNIT: 5M","Order_Form_ID":"69a6e69fe82901f1e0a913960e681173"},{"Customer_Name":"B","Calendar_week":11,"Amount":1.0,"PickAndPay":0,"Revenue":1020.91,"Invoice_Date":"2016-03-14","Article_Number":"101702202","Article_Name":"SEALING RING 131\/111X10","Order_Form_ID":"69a6e69fe82901f1e0a913960e681173"},{"Customer_Name":"B","Calendar_week":11,"Amount":1.0,"PickAndPay":0,"Revenue":2606.83,"Invoice_Date":"2016-03-14","Article_Number":"102331301","Article_Name":"2\/2 WAY SOLENOID VALVE G1\/2 - NW12","Order_Form_ID":"69a6e69fe82901f1e0a913960e681173"},{"Customer_Name":"B","Calendar_week":11,"Amount":1.0,"PickAndPay":0,"Revenue":27110.91,"Invoice_Date":"2016-03-14","Article_Number":"102385500","Article_Name":"ROTARY STEAM JOINT","Order_Form_ID":"69a6e69fe82901f1e0a913960e681173"},{"Customer_Name":"B","Calendar_week":11,"Amount":6.0,"PickAndPay":0,"Revenue":9254.16,"Invoice_Date":"2016-03-14","Article_Number":"103560703","Article_Name":"BELT 80X2450X3","Order_Form_ID":"69a6e69fe82901f1e0a913960e681173"},{"Customer_Name":"B","Calendar_week":11,"Amount":7.0,"PickAndPay":0,"Revenue":7451.15,"Invoice_Date":"2016-03-14","Article_Number":"103560708","Article_Name":"BELT 80X3X1330","Order_Form_ID":"69a6e69fe82901f1e0a913960e681173"},{"Customer_Name":"B","Calendar_week":11,"Amount":2.0,"PickAndPay":0,"Revenue":3258.4,"Invoice_Date":"2016-03-14","Article_Number":"103560754","Article_Name":"BELT 80X 1750X 3","Order_Form_ID":"69a6e69fe82901f1e0a913960e681173"},{"Customer_Name":"B","Calendar_week":11,"Amount":1.0,"PickAndPay":0,"Revenue":1303.41,"Invoice_Date":"2016-03-14","Article_Number":"104196402","Article_Name":"FLAT BELT 50X2,4X1920","Order_Form_ID":"69a6e69fe82901f1e0a913960e681173"},{"Customer_Name":"B","Calendar_week":11,"Amount":10.0,"PickAndPay":0,"Revenue":1084.12,"Invoice_Date":"2016-03-14","Article_Number":"104212300","Article_Name":"O-RING 240,00X5,00","Order_Form_ID":"69a6e69fe82901f1e0a913960e681173"},{"Customer_Name":"B","Calendar_week":11,"Amount":5.0,"PickAndPay":0,"Revenue":7711.94,"Invoice_Date":"2016-03-14","Article_Number":"105337510","Article_Name":"PROFILED JOINT 20X25X637","Order_Form_ID":"69a6e69fe82901f1e0a913960e681173"},{"Customer_Name":"B","Calendar_week":11,"Amount":1.0,"PickAndPay":0,"Revenue":432.27,"Invoice_Date":"2016-03-14","Article_Number":"105899902","Article_Name":"TOOTHED BELT HTD 9X 5X1100","Order_Form_ID":"69a6e69fe82901f1e0a913960e681173"},{"Customer_Name":"B","Calendar_week":11,"Amount":5.0,"PickAndPay":0,"Revenue":1108.03,"Invoice_Date":"2016-03-14","Article_Number":"106250400","Article_Name":"PROFILE FOR METAL CLAMPING 1-3 MM","Order_Form_ID":"69a6e69fe82901f1e0a913960e681173"},{"Customer_Name":"B","Calendar_week":11,"Amount":12.0,"PickAndPay":0,"Revenue":795.02,"Invoice_Date":"2016-03-14","Article_Number":"106566766","Article_Name":"LOCKING PLATE FUER D=16","Order_Form_ID":"69a6e69fe82901f1e0a913960e681173"},{"Customer_Name":"B","Calendar_week":11,"Amount":180.0,"PickAndPay":0,"Revenue":10557.58,"Invoice_Date":"2016-03-14","Article_Number":"106606921","Article_Name":"CLEAN-OUT FINGER BL1.0X98X90LG","Order_Form_ID":"69a6e69fe82901f1e0a913960e681173"},{"Customer_Name":"B","Calendar_week":11,"Amount":4.0,"PickAndPay":0,"Revenue":4257.88,"Invoice_Date":"2016-03-14","Article_Number":"106885200","Article_Name":"RADIAL SHAFT SEAL 143X184X15","Order_Form_ID":"69a6e69fe82901f1e0a913960e681173"},{"Customer_Name":"B","Calendar_week":11,"Amount":4.0,"PickAndPay":0,"Revenue":438.87,"Invoice_Date":"2016-03-14","Article_Number":"107408700","Article_Name":"FLAT SPRING 0,8X10X56","Order_Form_ID":"69a6e69fe82901f1e0a913960e681173"},{"Customer_Name":"B","Calendar_week":11,"Amount":2.0,"PickAndPay":0,"Revenue":125.59,"Invoice_Date":"2016-03-14","Article_Number":"107806800","Article_Name":"O-RING 170,00X3,00","Order_Form_ID":"69a6e69fe82901f1e0a913960e681173"},{"Customer_Name":"B","Calendar_week":11,"Amount":1.0,"PickAndPay":0,"Revenue":3562.61,"Invoice_Date":"2016-03-14","Article_Number":"107988610","Article_Name":"TOOTHED BELT HTD 50X8MX2000 CXP","Order_Form_ID":"69a6e69fe82901f1e0a913960e681173"},{"Customer_Name":"B","Calendar_week":11,"Amount":1.0,"PickAndPay":0,"Revenue":1303.41,"Invoice_Date":"2016-03-14","Article_Number":"108049306","Article_Name":"SET OF SEALS 10X113X122","Order_Form_ID":"69a6e69fe82901f1e0a913960e681173"},{"Customer_Name":"B","Calendar_week":11,"Amount":1.0,"PickAndPay":0,"Revenue":921.16,"Invoice_Date":"2016-03-14","Article_Number":"108143300","Article_Name":"COUPLING G 2\"","Order_Form_ID":"69a6e69fe82901f1e0a913960e681173"},{"Customer_Name":"B","Calendar_week":11,"Amount":1.0,"PickAndPay":0,"Revenue":1672.76,"Invoice_Date":"2016-03-14","Article_Number":"108143301","Article_Name":"COUPLING G 2 1\/2\"","Order_Form_ID":"69a6e69fe82901f1e0a913960e681173"},{"Customer_Name":"B","Calendar_week":11,"Amount":1.0,"PickAndPay":0,"Revenue":54.14,"Invoice_Date":"2016-03-14","Article_Number":"108143311","Article_Name":"SEAL GR. 2 1\/2\"","Order_Form_ID":"69a6e69fe82901f1e0a913960e681173"},{"Customer_Name":"B","Calendar_week":11,"Amount":2.0,"PickAndPay":0,"Revenue":1564.21,"Invoice_Date":"2016-03-14","Article_Number":"108164000","Article_Name":"COUPLING G 1 1\/2\"","Order_Form_ID":"69a6e69fe82901f1e0a913960e681173"},{"Customer_Name":"B","Calendar_week":11,"Amount":2.0,"PickAndPay":0,"Revenue":125.59,"Invoice_Date":"2016-03-14","Article_Number":"108164010","Article_Name":"SEAL G 1 1\/2\"","Order_Form_ID":"69a6e69fe82901f1e0a913960e681173"},{"Customer_Name":"B","Calendar_week":11,"Amount":4.0,"PickAndPay":0,"Revenue":8863.11,"Invoice_Date":"2016-03-14","Article_Number":"108224010","Article_Name":"SEAL 10X245X223,5","Order_Form_ID":"69a6e69fe82901f1e0a913960e681173"},{"Customer_Name":"B","Calendar_week":11,"Amount":4.0,"PickAndPay":0,"Revenue":7038.38,"Invoice_Date":"2016-03-14","Article_Number":"108224110","Article_Name":"SEAL 10X173X100,5","Order_Form_ID":"69a6e69fe82901f1e0a913960e681173"},{"Customer_Name":"B","Calendar_week":11,"Amount":4.0,"PickAndPay":0,"Revenue":8863.11,"Invoice_Date":"2016-03-14","Article_Number":"108224310","Article_Name":"SEAL 15X175X71  CUZN","Order_Form_ID":"69a6e69fe82901f1e0a913960e681173"},{"Customer_Name":"B","Calendar_week":11,"Amount":9.0,"PickAndPay":0,"Revenue":565.01,"Invoice_Date":"2016-03-14","Article_Number":"109611300","Article_Name":"PRESSURE SPRING 1,50X10,5X55,0","Order_Form_ID":"69a6e69fe82901f1e0a913960e681173"},{"Customer_Name":"B","Calendar_week":11,"Amount":4.0,"PickAndPay":0,"Revenue":4518.39,"Invoice_Date":"2016-03-14","Article_Number":"109612522","Article_Name":"SEALING LEDGE 5,5X65X2965","Order_Form_ID":"69a6e69fe82901f1e0a913960e681173"},{"Customer_Name":"B","Calendar_week":11,"Amount":2.0,"PickAndPay":0,"Revenue":442.99,"Invoice_Date":"2016-03-14","Article_Number":"110658000","Article_Name":"TOOTHED BELT 15X 5X 500","Order_Form_ID":"69a6e69fe82901f1e0a913960e681173"},{"Customer_Name":"B","Calendar_week":11,"Amount":2.0,"PickAndPay":0,"Revenue":2563.41,"Invoice_Date":"2016-03-14","Article_Number":"111125198","Article_Name":"GLUE DAM JOINT 3X128X197","Order_Form_ID":"69a6e69fe82901f1e0a913960e681173"},{"Customer_Name":"B","Calendar_week":11,"Amount":2.0,"PickAndPay":0,"Revenue":2563.41,"Invoice_Date":"2016-03-14","Article_Number":"111125199","Article_Name":"GLUE DAM JOINT 3X128X197","Order_Form_ID":"69a6e69fe82901f1e0a913960e681173"},{"Customer_Name":"B","Calendar_week":11,"Amount":4.0,"PickAndPay":0,"Revenue":8863.11,"Invoice_Date":"2016-03-14","Article_Number":"111125303","Article_Name":"GLUE DAM JOINT 3X260X220","Order_Form_ID":"69a6e69fe82901f1e0a913960e681173"},{"Customer_Name":"B","Calendar_week":11,"Amount":8.0,"PickAndPay":0,"Revenue":502.07,"Invoice_Date":"2016-03-14","Article_Number":"113878200","Article_Name":"FLAT PACKING 42X56X2","Order_Form_ID":"69a6e69fe82901f1e0a913960e681173"},{"Customer_Name":"B","Calendar_week":11,"Amount":6.0,"PickAndPay":0,"Revenue":1994.01,"Invoice_Date":"2016-03-14","Article_Number":"114519400","Article_Name":"SUPPORT RING SG38.8X45X1.4G","Order_Form_ID":"69a6e69fe82901f1e0a913960e681173"},{"Customer_Name":"B","Calendar_week":11,"Amount":4.0,"PickAndPay":0,"Revenue":251.17,"Invoice_Date":"2016-03-14","Article_Number":"114779700","Article_Name":"V-RING 90  X 9,0","Order_Form_ID":"69a6e69fe82901f1e0a913960e681173"},{"Customer_Name":"B","Calendar_week":11,"Amount":1.0,"PickAndPay":0,"Revenue":221.77,"Invoice_Date":"2016-03-14","Article_Number":"114816800","Article_Name":"SEALING LEDGE 5,5X15X160LG","Order_Form_ID":"69a6e69fe82901f1e0a913960e681173"},{"Customer_Name":"B","Calendar_week":11,"Amount":6.0,"PickAndPay":0,"Revenue":376.76,"Invoice_Date":"2016-03-14","Article_Number":"118550500","Article_Name":"O-RING 90,00X2,00","Order_Form_ID":"69a6e69fe82901f1e0a913960e681173"},{"Customer_Name":"B","Calendar_week":11,"Amount":4.0,"PickAndPay":0,"Revenue":1781.31,"Invoice_Date":"2016-03-14","Article_Number":"119683300","Article_Name":"RADIAL SHAFT SEAL AS 90,0X110X 8","Order_Form_ID":"69a6e69fe82901f1e0a913960e681173"},{"Customer_Name":"B","Calendar_week":11,"Amount":1.0,"PickAndPay":0,"Revenue":1672.76,"Invoice_Date":"2016-03-14","Article_Number":"119826410","Article_Name":"STEAM HOSE 1\"X350MM","Order_Form_ID":"69a6e69fe82901f1e0a913960e681173"},{"Customer_Name":"B","Calendar_week":11,"Amount":1.0,"PickAndPay":0,"Revenue":5126.82,"Invoice_Date":"2016-03-14","Article_Number":"119956100","Article_Name":"STEAM HOSE 3\/4\" X 4850MM","Order_Form_ID":"69a6e69fe82901f1e0a913960e681173"},{"Customer_Name":"B","Calendar_week":11,"Amount":1.0,"PickAndPay":0,"Revenue":3323.8,"Invoice_Date":"2016-03-14","Article_Number":"119957860","Article_Name":"STEAM HOSE 1\"X875MM -5\/+10","Order_Form_ID":"69a6e69fe82901f1e0a913960e681173"},{"Customer_Name":"B","Calendar_week":11,"Amount":1.0,"PickAndPay":0,"Revenue":3475.77,"Invoice_Date":"2016-03-14","Article_Number":"119958260","Article_Name":"STEAM HOSE 1 1\/4\"X930MM","Order_Form_ID":"69a6e69fe82901f1e0a913960e681173"},{"Customer_Name":"B","Calendar_week":11,"Amount":1.0,"PickAndPay":0,"Revenue":65105.6,"Invoice_Date":"2016-03-14","Article_Number":"121010670","Article_Name":"ROTARY STEAM JOINT JOHNSON 9500CNA-PTM-1","Order_Form_ID":"69a6e69fe82901f1e0a913960e681173"},{"Customer_Name":"B","Calendar_week":11,"Amount":1.0,"PickAndPay":0,"Revenue":5105.11,"Invoice_Date":"2016-03-14","Article_Number":"121072003","Article_Name":"STEAM HOSE 1\/2\" X 4850MM","Order_Form_ID":"69a6e69fe82901f1e0a913960e681173"},{"Customer_Name":"B","Calendar_week":11,"Amount":4.0,"PickAndPay":0,"Revenue":1338.32,"Invoice_Date":"2016-03-14","Article_Number":"121684600","Article_Name":"BAFFLE PLATE 135X172X1,5","Order_Form_ID":"69a6e69fe82901f1e0a913960e681173"},{"Customer_Name":"B","Calendar_week":11,"Amount":2.0,"PickAndPay":0,"Revenue":7125.22,"Invoice_Date":"2016-03-14","Article_Number":"124309599","Article_Name":"FILTER ELEMENT NG100","Order_Form_ID":"69a6e69fe82901f1e0a913960e681173"},{"Customer_Name":"B","Calendar_week":11,"Amount":1.0,"PickAndPay":0,"Revenue":432.27,"Invoice_Date":"2016-03-14","Article_Number":"127654810","Article_Name":"SEALING RING 50X136X2","Order_Form_ID":"69a6e69fe82901f1e0a913960e681173"},{"Customer_Name":"B","Calendar_week":11,"Amount":4.0,"PickAndPay":0,"Revenue":1338.32,"Invoice_Date":"2016-03-14","Article_Number":"131672100","Article_Name":"O-RING 29,30X3,60","Order_Form_ID":"69a6e69fe82901f1e0a913960e681173"},{"Customer_Name":"B","Calendar_week":11,"Amount":1.0,"PickAndPay":0,"Revenue":445.19,"Invoice_Date":"2016-03-14","Article_Number":"131672110","Article_Name":"O-RING 53,57X3,53","Order_Form_ID":"69a6e69fe82901f1e0a913960e681173"},{"Customer_Name":"B","Calendar_week":11,"Amount":2.0,"PickAndPay":0,"Revenue":1733.49,"Invoice_Date":"2016-03-14","Article_Number":"131672120","Article_Name":"O-RING 50,17X5,33","Order_Form_ID":"69a6e69fe82901f1e0a913960e681173"},{"Customer_Name":"B","Calendar_week":11,"Amount":6.0,"PickAndPay":0,"Revenue":2007.2,"Invoice_Date":"2016-03-14","Article_Number":"131672130","Article_Name":"O-RING 37,69X3,53","Order_Form_ID":"69a6e69fe82901f1e0a913960e681173"},{"Customer_Name":"B","Calendar_week":11,"Amount":1.0,"PickAndPay":0,"Revenue":62.93,"Invoice_Date":"2016-03-14","Article_Number":"137782","Article_Name":"RADIAL SHAFT SEAL A  55,0X 70X 8","Order_Form_ID":"69a6e69fe82901f1e0a913960e681173"},{"Customer_Name":"B","Calendar_week":11,"Amount":1.0,"PickAndPay":0,"Revenue":1759.6,"Invoice_Date":"2016-03-14","Article_Number":"139530","Article_Name":"STEAM HOSE 1 1\/4\"X450 DN32","Order_Form_ID":"69a6e69fe82901f1e0a913960e681173"},{"Customer_Name":"B","Calendar_week":11,"Amount":1.0,"PickAndPay":0,"Revenue":1151.45,"Invoice_Date":"2016-03-14","Article_Number":"139531","Article_Name":"STEAM HOSE 3\/4\" X450","Order_Form_ID":"69a6e69fe82901f1e0a913960e681173"},{"Customer_Name":"B","Calendar_week":11,"Amount":4.8,"PickAndPay":0,"Revenue":5213.66,"Invoice_Date":"2016-03-14","Article_Number":"148143400","Article_Name":"HOOK BELT FASTENER G006-SS-600W","Order_Form_ID":"69a6e69fe82901f1e0a913960e681173"},{"Customer_Name":"B","Calendar_week":11,"Amount":2.0,"PickAndPay":0,"Revenue":955.78,"Invoice_Date":"2016-03-14","Article_Number":"148334300","Article_Name":"RADIAL SHAFT SEAL A 120,0X150X12","Order_Form_ID":"69a6e69fe82901f1e0a913960e681173"},{"Customer_Name":"B","Calendar_week":11,"Amount":7.0,"PickAndPay":0,"Revenue":212.7,"Invoice_Date":"2016-03-14","Article_Number":"150011","Article_Name":"FLAT PACKING 3\/4\"\/ 27X38X2","Order_Form_ID":"69a6e69fe82901f1e0a913960e681173"},{"Customer_Name":"B","Calendar_week":11,"Amount":8.0,"PickAndPay":0,"Revenue":243.48,"Invoice_Date":"2016-03-14","Article_Number":"150015","Article_Name":"FLAT PACKING 41X55X2","Order_Form_ID":"69a6e69fe82901f1e0a913960e681173"},{"Customer_Name":"B","Calendar_week":11,"Amount":11.0,"PickAndPay":0,"Revenue":167.36,"Invoice_Date":"2016-03-14","Article_Number":"150212","Article_Name":"O-RING 39,20X3,00","Order_Form_ID":"69a6e69fe82901f1e0a913960e681173"},{"Customer_Name":"B","Calendar_week":11,"Amount":4.0,"PickAndPay":0,"Revenue":251.17,"Invoice_Date":"2016-03-14","Article_Number":"150256","Article_Name":"SEALING RING 33,0X39,0X2,0","Order_Form_ID":"69a6e69fe82901f1e0a913960e681173"},{"Customer_Name":"B","Calendar_week":11,"Amount":2.0,"PickAndPay":0,"Revenue":125.59,"Invoice_Date":"2016-03-14","Article_Number":"150343","Article_Name":"SEALING RING 38,0X46,0X2,0","Order_Form_ID":"69a6e69fe82901f1e0a913960e681173"},{"Customer_Name":"B","Calendar_week":11,"Amount":2.0,"PickAndPay":0,"Revenue":2389.46,"Invoice_Date":"2016-03-14","Article_Number":"163270928","Article_Name":"SCRAPER BLADE CORRUDUR® 2850X50X1,5","Order_Form_ID":"69a6e69fe82901f1e0a913960e681173"},{"Customer_Name":"B","Calendar_week":11,"Amount":5.0,"PickAndPay":0,"Revenue":857.95,"Invoice_Date":"2016-03-14","Article_Number":"163467601","Article_Name":"PROFILE FOR METAL CLAMPING 1-3 MM","Order_Form_ID":"69a6e69fe82901f1e0a913960e681173"},{"Customer_Name":"B","Calendar_week":11,"Amount":2.0,"PickAndPay":0,"Revenue":408623.64,"Invoice_Date":"2016-03-14","Article_Number":"171115220","Article_Name":"PRESSURE BELT I-QUALITY 2860X 2930","Order_Form_ID":"69a6e69fe82901f1e0a913960e681173"},{"Customer_Name":"B","Calendar_week":11,"Amount":2.0,"PickAndPay":0,"Revenue":4779.19,"Invoice_Date":"2016-03-14","Article_Number":"180002.51","Article_Name":"SET OF SEALS","Order_Form_ID":"69a6e69fe82901f1e0a913960e681173"},{"Customer_Name":"B","Calendar_week":11,"Amount":1.0,"PickAndPay":0,"Revenue":2867.62,"Invoice_Date":"2016-03-14","Article_Number":"180280","Article_Name":"CONNECTING WIRE FOR BELT T 1,5 \/12 METER","Order_Form_ID":"69a6e69fe82901f1e0a913960e681173"},{"Customer_Name":"B","Calendar_week":11,"Amount":1.0,"PickAndPay":0,"Revenue":23722.26,"Invoice_Date":"2016-03-14","Article_Number":"181300","Article_Name":"ROTARY STEAM JOINT R 1 1\/4\"","Order_Form_ID":"69a6e69fe82901f1e0a913960e681173"},{"Customer_Name":"B","Calendar_week":11,"Amount":3.0,"PickAndPay":0,"Revenue":808.21,"Invoice_Date":"2016-03-14","Article_Number":"181300.02","Article_Name":"SEAL D116X99X2","Order_Form_ID":"69a6e69fe82901f1e0a913960e681173"},{"Customer_Name":"B","Calendar_week":11,"Amount":2.0,"PickAndPay":0,"Revenue":3084.72,"Invoice_Date":"2016-03-14","Article_Number":"181302","Article_Name":"SEALING RING 89,1X59,7X19,5 MM","Order_Form_ID":"69a6e69fe82901f1e0a913960e681173"},{"Customer_Name":"B","Calendar_week":11,"Amount":12.0,"PickAndPay":0,"Revenue":187.69,"Invoice_Date":"2016-03-14","Article_Number":"181817","Article_Name":"PLATE SPRING 40,0X20,4X1,00","Order_Form_ID":"69a6e69fe82901f1e0a913960e681173"},{"Customer_Name":"B","Calendar_week":11,"Amount":2.0,"PickAndPay":0,"Revenue":625.46,"Invoice_Date":"2016-03-14","Article_Number":"199902","Article_Name":"CARBON PAPER 195X20,2-FACH","Order_Form_ID":"69a6e69fe82901f1e0a913960e681173"},{"Customer_Name":"B","Calendar_week":11,"Amount":2.0,"PickAndPay":0,"Revenue":1954.98,"Invoice_Date":"2016-03-14","Article_Number":"237993900","Article_Name":"RADIAL SHAFT SEAL AS 60X75X8","Order_Form_ID":"69a6e69fe82901f1e0a913960e681173"},{"Customer_Name":"B","Calendar_week":11,"Amount":3.0,"PickAndPay":0,"Revenue":1003.6,"Invoice_Date":"2016-03-14","Article_Number":"508777","Article_Name":"SEALING RING 50X99X2","Order_Form_ID":"69a6e69fe82901f1e0a913960e681173"},{"Customer_Name":"B","Calendar_week":11,"Amount":50.0,"PickAndPay":0,"Revenue":8797.98,"Invoice_Date":"2016-03-14","Article_Number":"600700","Article_Name":"CONVEYOR BELT 80X 3","Order_Form_ID":"69a6e69fe82901f1e0a913960e681173"},{"Customer_Name":"B","Calendar_week":11,"Amount":4.0,"PickAndPay":0,"Revenue":121.74,"Invoice_Date":"2016-03-14","Article_Number":"601236","Article_Name":"O-RING 6,00X1,50","Order_Form_ID":"69a6e69fe82901f1e0a913960e681173"},{"Customer_Name":"B","Calendar_week":11,"Amount":32.0,"PickAndPay":0,"Revenue":14250.72,"Invoice_Date":"2016-03-14","Article_Number":"123052320","Article_Name":"NO-CRUSH-ROLLER 165X65X50","Order_Form_ID":"69a6e69fe82901f1e0a913960e681173"},{"Customer_Name":"B","Calendar_week":11,"Amount":3.0,"PickAndPay":0,"Revenue":1003.6,"Invoice_Date":"2016-03-14","Article_Number":"128377700","Article_Name":"SPRING 60X3X18","Order_Form_ID":"69a6e69fe82901f1e0a913960e681173"},{"Customer_Name":"B","Calendar_week":11,"Amount":4.0,"PickAndPay":0,"Revenue":251.17,"Invoice_Date":"2016-03-14","Article_Number":"118550500","Article_Name":"O-RING 90,00X2,00","Order_Form_ID":"69a6e69fe82901f1e0a913960e681173"},{"Customer_Name":"B","Calendar_week":11,"Amount":1.0,"PickAndPay":0,"Revenue":9341.0,"Invoice_Date":"2016-03-14","Article_Number":"102441910","Article_Name":"COUPLING 58X30X160","Order_Form_ID":"69a6e69fe82901f1e0a913960e681173"},{"Customer_Name":"B","Calendar_week":11,"Amount":2.0,"PickAndPay":0,"Revenue":890.65,"Invoice_Date":"2016-03-14","Article_Number":"105131800","Article_Name":"TOOTHED BELT 30X8X 880","Order_Form_ID":"69a6e69fe82901f1e0a913960e681173"},{"Customer_Name":"B","Calendar_week":11,"Amount":2.0,"PickAndPay":0,"Revenue":110790.24,"Invoice_Date":"2016-03-14","Article_Number":"108057014","Article_Name":"SCRAPER LEDGE 2942LG","Order_Form_ID":"69a6e69fe82901f1e0a913960e681173"},{"Customer_Name":"B","Calendar_week":11,"Amount":1.0,"PickAndPay":0,"Revenue":921.16,"Invoice_Date":"2016-03-14","Article_Number":"108143300","Article_Name":"COUPLING G 2\"","Order_Form_ID":"69a6e69fe82901f1e0a913960e681173"},{"Customer_Name":"B","Calendar_week":11,"Amount":1.0,"PickAndPay":0,"Revenue":54.14,"Invoice_Date":"2016-03-14","Article_Number":"108143311","Article_Name":"SEAL GR. 2 1\/2\"","Order_Form_ID":"69a6e69fe82901f1e0a913960e681173"},{"Customer_Name":"B","Calendar_week":11,"Amount":4.0,"PickAndPay":0,"Revenue":438.87,"Invoice_Date":"2016-03-14","Article_Number":"137653","Article_Name":"RADIAL SHAFT SEAL A  70,0X 90X10","Order_Form_ID":"69a6e69fe82901f1e0a913960e681173"},{"Customer_Name":"B","Calendar_week":11,"Amount":4.0,"PickAndPay":0,"Revenue":251.17,"Invoice_Date":"2016-03-14","Article_Number":"137663","Article_Name":"RADIAL SHAFT SEAL A  80,0X100X10","Order_Form_ID":"69a6e69fe82901f1e0a913960e681173"},{"Customer_Name":"B","Calendar_week":11,"Amount":4.0,"PickAndPay":0,"Revenue":512.79,"Invoice_Date":"2016-03-14","Article_Number":"158530200","Article_Name":"TOOTHED BELT HTD 15X5X425","Order_Form_ID":"69a6e69fe82901f1e0a913960e681173"},{"Customer_Name":"B","Calendar_week":11,"Amount":2.0,"PickAndPay":0,"Revenue":3779.98,"Invoice_Date":"2016-03-14","Article_Number":"163600428","Article_Name":"SCRAPER BLADE 2860X50X1,5","Order_Form_ID":"69a6e69fe82901f1e0a913960e681173"},{"Customer_Name":"B","Calendar_week":11,"Amount":2.0,"PickAndPay":0,"Revenue":4301.3,"Invoice_Date":"2016-03-14","Article_Number":"163600457","Article_Name":"SCRAPER BLADE 2860X50X1,5","Order_Form_ID":"69a6e69fe82901f1e0a913960e681173"},{"Customer_Name":"B","Calendar_week":11,"Amount":4.0,"PickAndPay":0,"Revenue":2328.72,"Invoice_Date":"2016-03-14","Article_Number":"328100","Article_Name":"SCRAPER 3X80X75X2","Order_Form_ID":"69a6e69fe82901f1e0a913960e681173"},{"Customer_Name":"B","Calendar_week":11,"Amount":2.0,"PickAndPay":0,"Revenue":4431.55,"Invoice_Date":"2016-03-14","Article_Number":"106136300","Article_Name":"CONNECTING WIRE FOR BELT 1,4X4","Order_Form_ID":"69a6e69fe82901f1e0a913960e681173"},{"Customer_Name":"B","Calendar_week":11,"Amount":1.0,"PickAndPay":0,"Revenue":62.93,"Invoice_Date":"2016-03-14","Article_Number":"114779700","Article_Name":"V-RING 90  X 9,0","Order_Form_ID":"69a6e69fe82901f1e0a913960e681173"},{"Customer_Name":"B","Calendar_week":11,"Amount":1.0,"PickAndPay":0,"Revenue":62.93,"Invoice_Date":"2016-03-14","Article_Number":"118550500","Article_Name":"O-RING 90,00X2,00","Order_Form_ID":"69a6e69fe82901f1e0a913960e681173"},{"Customer_Name":"B","Calendar_week":11,"Amount":2.0,"PickAndPay":0,"Revenue":125.59,"Invoice_Date":"2016-03-14","Article_Number":"122356100","Article_Name":"FLAT PACKING 1\"","Order_Form_ID":"69a6e69fe82901f1e0a913960e681173"},{"Customer_Name":"B","Calendar_week":11,"Amount":1.0,"PickAndPay":0,"Revenue":3106.43,"Invoice_Date":"2016-03-14","Article_Number":"124239103","Article_Name":"STEAM HOSE DN25X550","Order_Form_ID":"69a6e69fe82901f1e0a913960e681173"},{"Customer_Name":"B","Calendar_week":11,"Amount":2.0,"PickAndPay":0,"Revenue":60.73,"Invoice_Date":"2016-03-14","Article_Number":"150011","Article_Name":"FLAT PACKING 3\/4\"\/ 27X38X2","Order_Form_ID":"69a6e69fe82901f1e0a913960e681173"},{"Customer_Name":"B","Calendar_week":11,"Amount":2.0,"PickAndPay":0,"Revenue":60.73,"Invoice_Date":"2016-03-14","Article_Number":"150015","Article_Name":"FLAT PACKING 41X55X2","Order_Form_ID":"69a6e69fe82901f1e0a913960e681173"},{"Customer_Name":"B","Calendar_week":11,"Amount":1.0,"PickAndPay":0,"Revenue":62.93,"Invoice_Date":"2016-03-14","Article_Number":"150343","Article_Name":"SEALING RING 38,0X46,0X2,0","Order_Form_ID":"69a6e69fe82901f1e0a913960e681173"},{"Customer_Name":"B","Calendar_week":11,"Amount":2.0,"PickAndPay":0,"Revenue":60.73,"Invoice_Date":"2016-03-14","Article_Number":"112827900","Article_Name":"O-RING 93,00X4,00","Order_Form_ID":"69a6e69fe82901f1e0a913960e681173"},{"Customer_Name":"B","Calendar_week":11,"Amount":8.0,"PickAndPay":0,"Revenue":3562.61,"Invoice_Date":"2016-03-14","Article_Number":"123052310","Article_Name":"NO-CRUSH-ROLLER 165X65X50","Order_Form_ID":"69a6e69fe82901f1e0a913960e681173"},{"Customer_Name":"B","Calendar_week":11,"Amount":4.0,"PickAndPay":0,"Revenue":251.17,"Invoice_Date":"2016-03-14","Article_Number":"137621300","Article_Name":"METAL-RUBBER-BUFFER D15X15-M4X10","Order_Form_ID":"69a6e69fe82901f1e0a913960e681173"},{"Customer_Name":"B","Calendar_week":11,"Amount":2.0,"PickAndPay":0,"Revenue":212.7,"Invoice_Date":"2016-03-14","Article_Number":"159262","Article_Name":"BUSH 30X 34X 20","Order_Form_ID":"69a6e69fe82901f1e0a913960e681173"},{"Customer_Name":"B","Calendar_week":11,"Amount":1.0,"PickAndPay":0,"Revenue":334.44,"Invoice_Date":"2016-03-14","Article_Number":"185620","Article_Name":"TOOTHED BELT HTD 30X8X640","Order_Form_ID":"69a6e69fe82901f1e0a913960e681173"},{"Customer_Name":"B","Calendar_week":11,"Amount":2.0,"PickAndPay":0,"Revenue":808.21,"Invoice_Date":"2016-03-14","Article_Number":"101641600","Article_Name":"TOOTHED BELT HTD 18X 5X 700","Order_Form_ID":"69a6e69fe82901f1e0a913960e681173"},{"Customer_Name":"B","Calendar_week":11,"Amount":20.0,"PickAndPay":0,"Revenue":86459.84,"Invoice_Date":"2016-03-14","Article_Number":"105303965","Article_Name":"DISC CUT KNIFE 240X1,2\/0,35MM,20°","Order_Form_ID":"69a6e69fe82901f1e0a913960e681173"},{"Customer_Name":"B","Calendar_week":11,"Amount":32.0,"PickAndPay":0,"Revenue":34062.46,"Invoice_Date":"2016-03-14","Article_Number":"105406991","Article_Name":"GRINDING WHEEL 50X11X19MM","Order_Form_ID":"69a6e69fe82901f1e0a913960e681173"},{"Customer_Name":"B","Calendar_week":11,"Amount":14.0,"PickAndPay":0,"Revenue":34366.67,"Invoice_Date":"2016-03-14","Article_Number":"105407210","Article_Name":"TOOTHED BELT 29,5X 8X 640","Order_Form_ID":"69a6e69fe82901f1e0a913960e681173"},{"Customer_Name":"B","Calendar_week":11,"Amount":150.0,"PickAndPay":0,"Revenue":2280.91,"Invoice_Date":"2016-03-14","Article_Number":"107254210","Article_Name":"FELT 46X35X10MM","Order_Form_ID":"69a6e69fe82901f1e0a913960e681173"},{"Customer_Name":"B","Calendar_week":11,"Amount":4.0,"PickAndPay":0,"Revenue":438.87,"Invoice_Date":"2016-03-14","Article_Number":"116247600","Article_Name":"BELLOWS 40X17; GUMMI","Order_Form_ID":"69a6e69fe82901f1e0a913960e681173"},{"Customer_Name":"B","Calendar_week":11,"Amount":2.0,"PickAndPay":0,"Revenue":1212.18,"Invoice_Date":"2016-03-14","Article_Number":"117712402","Article_Name":"TOOTHED BELT GT 40X 8X 720","Order_Form_ID":"69a6e69fe82901f1e0a913960e681173"},{"Customer_Name":"B","Calendar_week":11,"Amount":4.0,"PickAndPay":0,"Revenue":251.17,"Invoice_Date":"2016-03-14","Article_Number":"120117200","Article_Name":"O-RING 9,25X1,78","Order_Form_ID":"69a6e69fe82901f1e0a913960e681173"},{"Customer_Name":"B","Calendar_week":11,"Amount":7.0,"PickAndPay":0,"Revenue":2417.76,"Invoice_Date":"2016-03-14","Article_Number":"122745002","Article_Name":"TOOTHED BELT 30X 5X 575","Order_Form_ID":"69a6e69fe82901f1e0a913960e681173"},{"Customer_Name":"B","Calendar_week":11,"Amount":4.0,"PickAndPay":0,"Revenue":886.26,"Invoice_Date":"2016-03-14","Article_Number":"122745003","Article_Name":"TOOTHED BELT HTD 25X 5X 375","Order_Form_ID":"69a6e69fe82901f1e0a913960e681173"},{"Customer_Name":"B","Calendar_week":11,"Amount":8.0,"PickAndPay":0,"Revenue":3319.13,"Invoice_Date":"2016-03-14","Article_Number":"123584901","Article_Name":"BOLT RD.8 148LG.","Order_Form_ID":"69a6e69fe82901f1e0a913960e681173"},{"Customer_Name":"B","Calendar_week":11,"Amount":1.0,"PickAndPay":0,"Revenue":964.58,"Invoice_Date":"2016-03-14","Article_Number":"126054505","Article_Name":"TOOTHED BELT GT 30X 8X2000","Order_Form_ID":"69a6e69fe82901f1e0a913960e681173"},{"Customer_Name":"B","Calendar_week":11,"Amount":10.0,"PickAndPay":0,"Revenue":43229.78,"Invoice_Date":"2016-03-14","Article_Number":"126292402","Article_Name":"BRUSH ROLL SEGMENT 300X203X216MM","Order_Form_ID":"69a6e69fe82901f1e0a913960e681173"},{"Customer_Name":"B","Calendar_week":11,"Amount":2.0,"PickAndPay":0,"Revenue":2346.04,"Invoice_Date":"2016-03-14","Article_Number":"131209700","Article_Name":"TOOTHED BELT GT 50X 8X1760","Order_Form_ID":"69a6e69fe82901f1e0a913960e681173"},{"Customer_Name":"B","Calendar_week":11,"Amount":12.0,"PickAndPay":0,"Revenue":753.25,"Invoice_Date":"2016-03-14","Article_Number":"137621300","Article_Name":"METAL-RUBBER-BUFFER D15X15-M4X10","Order_Form_ID":"69a6e69fe82901f1e0a913960e681173"},{"Customer_Name":"B","Calendar_week":11,"Amount":1.0,"PickAndPay":0,"Revenue":1933.27,"Invoice_Date":"2016-03-14","Article_Number":"148187700","Article_Name":"TOOTHED BELT GT 85X 8X1600","Order_Form_ID":"69a6e69fe82901f1e0a913960e681173"},{"Customer_Name":"B","Calendar_week":11,"Amount":5.0,"PickAndPay":0,"Revenue":1108.03,"Invoice_Date":"2016-03-14","Article_Number":"150901500","Article_Name":"NILOS RING 117,5X80X3","Order_Form_ID":"69a6e69fe82901f1e0a913960e681173"},{"Customer_Name":"B","Calendar_week":11,"Amount":1.0,"PickAndPay":0,"Revenue":221.77,"Invoice_Date":"2016-03-14","Article_Number":"158530220","Article_Name":"TOOTHED BELT HTD 15X 3X 645","Order_Form_ID":"69a6e69fe82901f1e0a913960e681173"},{"Customer_Name":"B","Calendar_week":11,"Amount":4.0,"PickAndPay":0,"Revenue":4040.5,"Invoice_Date":"2016-03-14","Article_Number":"161790600","Article_Name":"BELLOWS D35\/D84X207,3","Order_Form_ID":"69a6e69fe82901f1e0a913960e681173"},{"Customer_Name":"B","Calendar_week":11,"Amount":2.0,"PickAndPay":0,"Revenue":60.73,"Invoice_Date":"2016-03-14","Article_Number":"601236","Article_Name":"O-RING 6,00X1,50","Order_Form_ID":"69a6e69fe82901f1e0a913960e681173"},{"Customer_Name":"B","Calendar_week":11,"Amount":28.0,"PickAndPay":0,"Revenue":12469.42,"Invoice_Date":"2016-03-14","Article_Number":"123052310","Article_Name":"NO-CRUSH-ROLLER 165X65X50","Order_Form_ID":"69a6e69fe82901f1e0a913960e681173"},{"Customer_Name":"B","Calendar_week":11,"Amount":27.0,"PickAndPay":0,"Revenue":1695.02,"Invoice_Date":"2016-03-14","Article_Number":"123596200","Article_Name":"SPACER RING L49XID70XW4","Order_Form_ID":"69a6e69fe82901f1e0a913960e681173"},{"Customer_Name":"B","Calendar_week":11,"Amount":1.0,"PickAndPay":0,"Revenue":445.19,"Invoice_Date":"2016-03-14","Article_Number":"185951","Article_Name":"TOOTHED BELT HTD 30X 8X1120","Order_Form_ID":"69a6e69fe82901f1e0a913960e681173"},{"Customer_Name":"B","Calendar_week":11,"Amount":2.0,"PickAndPay":0,"Revenue":1303.41,"Invoice_Date":"2016-03-14","Article_Number":"100272511","Article_Name":"SPRING ELEMENT 38","Order_Form_ID":"69a6e69fe82901f1e0a913960e681173"},{"Customer_Name":"B","Calendar_week":11,"Amount":2.0,"PickAndPay":0,"Revenue":1651.05,"Invoice_Date":"2016-03-14","Article_Number":"105450501","Article_Name":"TOOTHED BELT GT 30X 8X1440","Order_Form_ID":"69a6e69fe82901f1e0a913960e681173"},{"Customer_Name":"B","Calendar_week":11,"Amount":4.0,"PickAndPay":0,"Revenue":121.74,"Invoice_Date":"2016-03-14","Article_Number":"112827900","Article_Name":"O-RING 93,00X4,00","Order_Form_ID":"69a6e69fe82901f1e0a913960e681173"},{"Customer_Name":"B","Calendar_week":11,"Amount":4.0,"PickAndPay":0,"Revenue":1694.47,"Invoice_Date":"2016-03-14","Article_Number":"117712401","Article_Name":"TOOTHED BELT GT 30X8X720","Order_Form_ID":"69a6e69fe82901f1e0a913960e681173"},{"Customer_Name":"B","Calendar_week":11,"Amount":156.0,"PickAndPay":0,"Revenue":9793.88,"Invoice_Date":"2016-03-14","Article_Number":"123596200","Article_Name":"SPACER RING L49XID70XW4","Order_Form_ID":"69a6e69fe82901f1e0a913960e681173"},{"Customer_Name":"B","Calendar_week":11,"Amount":168.0,"PickAndPay":0,"Revenue":72626.27,"Invoice_Date":"2016-03-14","Article_Number":"136481820","Article_Name":"NO-CRUSH-ROLLER 180X65X50","Order_Form_ID":"69a6e69fe82901f1e0a913960e681173"},{"Customer_Name":"B","Calendar_week":11,"Amount":8.0,"PickAndPay":0,"Revenue":502.07,"Invoice_Date":"2016-03-14","Article_Number":"137621300","Article_Name":"METAL-RUBBER-BUFFER D15X15-M4X10","Order_Form_ID":"69a6e69fe82901f1e0a913960e681173"},{"Customer_Name":"B","Calendar_week":11,"Amount":6.0,"PickAndPay":0,"Revenue":2593.64,"Invoice_Date":"2016-03-14","Article_Number":"240585801","Article_Name":"SEAL 20X20X100","Order_Form_ID":"69a6e69fe82901f1e0a913960e681173"},{"Customer_Name":"B","Calendar_week":11,"Amount":1.0,"PickAndPay":0,"Revenue":116699.17,"Invoice_Date":"2016-03-14","Article_Number":"151128604","Article_Name":"BHS KNIFE SET WW2800","Order_Form_ID":"69a6e69fe82901f1e0a913960e681173"},{"Customer_Name":"B","Calendar_week":11,"Amount":1.0,"PickAndPay":0,"Revenue":7581.4,"Invoice_Date":"2016-03-14","Article_Number":"109704902","Article_Name":"SET OF SEALS","Order_Form_ID":"69a6e69fe82901f1e0a913960e681173"},{"Customer_Name":"B","Calendar_week":11,"Amount":1.0,"PickAndPay":0,"Revenue":803.81,"Invoice_Date":"2016-03-14","Article_Number":"109705003","Article_Name":"STRAINER","Order_Form_ID":"69a6e69fe82901f1e0a913960e681173"},{"Customer_Name":"B","Calendar_week":11,"Amount":25.0,"PickAndPay":0,"Revenue":15152.09,"Invoice_Date":"2016-03-14","Article_Number":"116904600","Article_Name":"COLOUR FOR BOARD MARKING QUAL.NR.7100-93","Order_Form_ID":"69a6e69fe82901f1e0a913960e681173"},{"Customer_Name":"B","Calendar_week":11,"Amount":2.0,"PickAndPay":0,"Revenue":4301.3,"Invoice_Date":"2016-03-14","Article_Number":"254477000","Article_Name":"FELT TAPE 35X8X170","Order_Form_ID":"69a6e69fe82901f1e0a913960e681173"},{"Customer_Name":"B","Calendar_week":11,"Amount":1.0,"PickAndPay":0,"Revenue":5105.11,"Invoice_Date":"2016-03-14","Article_Number":"105207600","Article_Name":"TOOTHED BELT AT 50X10X2240","Order_Form_ID":"69a6e69fe82901f1e0a913960e681173"},{"Customer_Name":"B","Calendar_week":11,"Amount":32.0,"PickAndPay":0,"Revenue":14250.72,"Invoice_Date":"2016-03-14","Article_Number":"123052310","Article_Name":"NO-CRUSH-ROLLER 165X65X50","Order_Form_ID":"69a6e69fe82901f1e0a913960e681173"},{"Customer_Name":"B","Calendar_week":11,"Amount":1.0,"PickAndPay":0,"Revenue":50724.62,"Invoice_Date":"2016-03-14","Article_Number":"124725639","Article_Name":"FILTER ELEMENT","Order_Form_ID":"69a6e69fe82901f1e0a913960e681173"},{"Customer_Name":"B","Calendar_week":11,"Amount":2.0,"PickAndPay":0,"Revenue":4040.5,"Invoice_Date":"2016-03-14","Article_Number":"125230600","Article_Name":"PNEUMATIC CYLINDER 32X100-G1\/8 DW","Order_Form_ID":"69a6e69fe82901f1e0a913960e681173"},{"Customer_Name":"B","Calendar_week":11,"Amount":2.0,"PickAndPay":0,"Revenue":668.88,"Invoice_Date":"2016-03-14","Article_Number":"128377700","Article_Name":"SPRING 60X3X18","Order_Form_ID":"69a6e69fe82901f1e0a913960e681173"},{"Customer_Name":"B","Calendar_week":11,"Amount":2.0,"PickAndPay":0,"Revenue":668.88,"Invoice_Date":"2016-03-14","Article_Number":"140639700","Article_Name":"TOOTHED WHEEL RD144\/25","Order_Form_ID":"69a6e69fe82901f1e0a913960e681173"},{"Customer_Name":"B","Calendar_week":11,"Amount":42.0,"PickAndPay":0,"Revenue":70254.13,"Invoice_Date":"2016-03-14","Article_Number":"144934001","Article_Name":"EXPANDED RUBBER DISK D 335 MM","Order_Form_ID":"69a6e69fe82901f1e0a913960e681173"},{"Customer_Name":"B","Calendar_week":11,"Amount":1.0,"PickAndPay":0,"Revenue":13620.59,"Invoice_Date":"2016-03-14","Article_Number":"148962901","Article_Name":"BELT 110X 2780X 5","Order_Form_ID":"69a6e69fe82901f1e0a913960e681173"},{"Customer_Name":"B","Calendar_week":11,"Amount":1.0,"PickAndPay":0,"Revenue":4301.3,"Invoice_Date":"2016-03-14","Article_Number":"149786200","Article_Name":"TOOTHED BELT 5200X50  KL4200","Order_Form_ID":"69a6e69fe82901f1e0a913960e681173"},{"Customer_Name":"B","Calendar_week":11,"Amount":7.0,"PickAndPay":0,"Revenue":439.42,"Invoice_Date":"2016-03-14","Article_Number":"177504","Article_Name":"ROPE D 4MM","Order_Form_ID":"69a6e69fe82901f1e0a913960e681173"},{"Customer_Name":"B","Calendar_week":11,"Amount":1.0,"PickAndPay":0,"Revenue":3606.03,"Invoice_Date":"2016-03-14","Article_Number":"179080600","Article_Name":"TOOTHED BELT 4550X50  KL3600","Order_Form_ID":"69a6e69fe82901f1e0a913960e681173"},{"Customer_Name":"B","Calendar_week":11,"Amount":2.0,"PickAndPay":0,"Revenue":5734.97,"Invoice_Date":"2016-03-14","Article_Number":"180280","Article_Name":"CONNECTING WIRE FOR BELT T 1,5 \/12 METER","Order_Form_ID":"69a6e69fe82901f1e0a913960e681173"},{"Customer_Name":"B","Calendar_week":11,"Amount":2.0,"PickAndPay":0,"Revenue":7863.91,"Invoice_Date":"2016-03-14","Article_Number":"182384600","Article_Name":"TOOTHED BELT 50 AT10\/2000","Order_Form_ID":"69a6e69fe82901f1e0a913960e681173"},{"Customer_Name":"B","Calendar_week":11,"Amount":25.0,"PickAndPay":0,"Revenue":10590.0,"Invoice_Date":"2016-03-14","Article_Number":"182602000","Article_Name":"NAP FOIL 50 MM BR\/25 M","Order_Form_ID":"69a6e69fe82901f1e0a913960e681173"},{"Customer_Name":"B","Calendar_week":11,"Amount":4.0,"PickAndPay":0,"Revenue":1381.73,"Invoice_Date":"2016-03-14","Article_Number":"240318601","Article_Name":"LUBRICATING BRUSH 40X30X20 G1\/4I","Order_Form_ID":"69a6e69fe82901f1e0a913960e681173"},{"Customer_Name":"B","Calendar_week":11,"Amount":2.0,"PickAndPay":0,"Revenue":3953.66,"Invoice_Date":"2016-03-14","Article_Number":"240692500","Article_Name":"TOOTHED BELT AT 50X10X1480","Order_Form_ID":"69a6e69fe82901f1e0a913960e681173"},{"Customer_Name":"B","Calendar_week":11,"Amount":1.0,"PickAndPay":0,"Revenue":955.78,"Invoice_Date":"2016-03-14","Article_Number":"601135","Article_Name":"GLUE 1PC=1L","Order_Form_ID":"69a6e69fe82901f1e0a913960e681173"},{"Customer_Name":"B","Calendar_week":11,"Amount":2.0,"PickAndPay":0,"Revenue":1998.68,"Invoice_Date":"2016-03-14","Article_Number":"103101800","Article_Name":"ELECTRONIC COMPONENT I10-53 Q4,5-48 VDC","Order_Form_ID":"69a6e69fe82901f1e0a913960e681173"},{"Customer_Name":"B","Calendar_week":11,"Amount":1.0,"PickAndPay":0,"Revenue":4670.64,"Invoice_Date":"2016-03-14","Article_Number":"103379420","Article_Name":"PROXIMITY SWITCH 10-30V,DC200MA","Order_Form_ID":"69a6e69fe82901f1e0a913960e681173"},{"Customer_Name":"B","Calendar_week":11,"Amount":1.0,"PickAndPay":0,"Revenue":25090.8,"Invoice_Date":"2016-03-14","Article_Number":"104944916","Article_Name":"LIFTING CYLINDER 24VDC\/ 60MM HUB","Order_Form_ID":"69a6e69fe82901f1e0a913960e681173"},{"Customer_Name":"B","Calendar_week":11,"Amount":1.0,"PickAndPay":0,"Revenue":2128.94,"Invoice_Date":"2016-03-14","Article_Number":"106363800","Article_Name":"LIGHT BARRIER 10-30 VDC","Order_Form_ID":"69a6e69fe82901f1e0a913960e681173"},{"Customer_Name":"B","Calendar_week":11,"Amount":1.0,"PickAndPay":0,"Revenue":2128.94,"Invoice_Date":"2016-03-14","Article_Number":"106363900","Article_Name":"LIGHT BARRIER SENDER","Order_Form_ID":"69a6e69fe82901f1e0a913960e681173"},{"Customer_Name":"B","Calendar_week":11,"Amount":1.0,"PickAndPay":0,"Revenue":6212.86,"Invoice_Date":"2016-03-14","Article_Number":"107969300","Article_Name":"EMERGENCY STOP MODULE 24VDC\/220VAC","Order_Form_ID":"69a6e69fe82901f1e0a913960e681173"},{"Customer_Name":"B","Calendar_week":11,"Amount":1.0,"PickAndPay":0,"Revenue":17856.75,"Invoice_Date":"2016-03-14","Article_Number":"109411002","Article_Name":"PULSE DISTRIBUTOR IV30","Order_Form_ID":"69a6e69fe82901f1e0a913960e681173"},{"Customer_Name":"B","Calendar_week":11,"Amount":1.0,"PickAndPay":0,"Revenue":4909.45,"Invoice_Date":"2016-03-14","Article_Number":"110463301","Article_Name":"PROXIMITY SWITCH M18 5MM 10-65VDC 200MA","Order_Form_ID":"69a6e69fe82901f1e0a913960e681173"},{"Customer_Name":"B","Calendar_week":11,"Amount":1.0,"PickAndPay":0,"Revenue":7190.63,"Invoice_Date":"2016-03-14","Article_Number":"112314200","Article_Name":"LIGHT BARRIER 5-500MM","Order_Form_ID":"69a6e69fe82901f1e0a913960e681173"},{"Customer_Name":"B","Calendar_week":11,"Amount":1.0,"PickAndPay":0,"Revenue":57545.63,"Invoice_Date":"2016-03-14","Article_Number":"112315600","Article_Name":"NEGATIVE FEEDER UNIT 45A","Order_Form_ID":"69a6e69fe82901f1e0a913960e681173"},{"Customer_Name":"B","Calendar_week":11,"Amount":1.0,"PickAndPay":0,"Revenue":29696.03,"Invoice_Date":"2016-03-14","Article_Number":"112614200","Article_Name":"CONVERTER 24 VDC","Order_Form_ID":"69a6e69fe82901f1e0a913960e681173"},{"Customer_Name":"B","Calendar_week":11,"Amount":1.0,"PickAndPay":0,"Revenue":19029.91,"Invoice_Date":"2016-03-14","Article_Number":"118190803","Article_Name":"RESISTOR 3X20 OHM\/1,2KW","Order_Form_ID":"69a6e69fe82901f1e0a913960e681173"},{"Customer_Name":"B","Calendar_week":11,"Amount":1.0,"PickAndPay":0,"Revenue":37820.73,"Invoice_Date":"2016-03-14","Article_Number":"119517715","Article_Name":"SERVO CONTROLLER 10A\/380V-480V\/6,9KW","Order_Form_ID":"69a6e69fe82901f1e0a913960e681173"},{"Customer_Name":"B","Calendar_week":11,"Amount":1.0,"PickAndPay":0,"Revenue":32172.6,"Invoice_Date":"2016-03-14","Article_Number":"119517717","Article_Name":"SERVO CONTROLLER 1,5A\/380V-480V\/1,1KW","Order_Form_ID":"69a6e69fe82901f1e0a913960e681173"},{"Customer_Name":"B","Calendar_week":11,"Amount":2.0,"PickAndPay":0,"Revenue":7690.23,"Invoice_Date":"2016-03-14","Article_Number":"119814002","Article_Name":"LIMIT SWITCH SCHARNIER 3Ö","Order_Form_ID":"69a6e69fe82901f1e0a913960e681173"},{"Customer_Name":"B","Calendar_week":11,"Amount":1.0,"PickAndPay":0,"Revenue":32693.91,"Invoice_Date":"2016-03-14","Article_Number":"119962001","Article_Name":"DYNAMOMETRIC TRANSDUCER D46X28\/50KN","Order_Form_ID":"69a6e69fe82901f1e0a913960e681173"},{"Customer_Name":"B","Calendar_week":11,"Amount":1.0,"PickAndPay":0,"Revenue":1976.97,"Invoice_Date":"2016-03-14","Article_Number":"127465400","Article_Name":"LIMIT SWITCH 2Ö\/1S","Order_Form_ID":"69a6e69fe82901f1e0a913960e681173"},{"Customer_Name":"B","Calendar_week":11,"Amount":1.0,"PickAndPay":0,"Revenue":5409.05,"Invoice_Date":"2016-03-14","Article_Number":"127811010","Article_Name":"METERING UNIT S7\/ET200S\/1COUNT 5V\/500KH","Order_Form_ID":"69a6e69fe82901f1e0a913960e681173"},{"Customer_Name":"B","Calendar_week":11,"Amount":1.0,"PickAndPay":0,"Revenue":7516.28,"Invoice_Date":"2016-03-14","Article_Number":"127811022","Article_Name":"MODULE IM151-3","Order_Form_ID":"69a6e69fe82901f1e0a913960e681173"},{"Customer_Name":"B","Calendar_week":11,"Amount":2.0,"PickAndPay":0,"Revenue":668.88,"Invoice_Date":"2016-03-14","Article_Number":"127811031","Article_Name":"MODULE S7\/ET200S\/24VDC\/POWER","Order_Form_ID":"69a6e69fe82901f1e0a913960e681173"},{"Customer_Name":"B","Calendar_week":11,"Amount":2.0,"PickAndPay":0,"Revenue":668.88,"Invoice_Date":"2016-03-14","Article_Number":"127811032","Article_Name":"MODULE 2*6 KLEMMEN","Order_Form_ID":"69a6e69fe82901f1e0a913960e681173"},{"Customer_Name":"B","Calendar_week":11,"Amount":2.0,"PickAndPay":0,"Revenue":442.99,"Invoice_Date":"2016-03-14","Article_Number":"127811040","Article_Name":"SUB-RACK S7\/ET200S\/DE-DA-AO-AI","Order_Form_ID":"69a6e69fe82901f1e0a913960e681173"},{"Customer_Name":"B","Calendar_week":11,"Amount":1.0,"PickAndPay":0,"Revenue":3432.35,"Invoice_Date":"2016-03-14","Article_Number":"127811041","Article_Name":"ANALOG INPUT\/OUTPUT 2AI","Order_Form_ID":"69a6e69fe82901f1e0a913960e681173"},{"Customer_Name":"B","Calendar_week":11,"Amount":1.0,"PickAndPay":0,"Revenue":3432.35,"Invoice_Date":"2016-03-14","Article_Number":"127811042","Article_Name":"ANALOG INPUT\/OUTPUT S7\/ET200S\/2*AA\/+-10V","Order_Form_ID":"69a6e69fe82901f1e0a913960e681173"},{"Customer_Name":"B","Calendar_week":11,"Amount":1.0,"PickAndPay":0,"Revenue":3454.06,"Invoice_Date":"2016-03-14","Article_Number":"127811043","Article_Name":"ANALOG INPUT\/OUTPUT S7\/ET200S\/2*AI\/4DMU","Order_Form_ID":"69a6e69fe82901f1e0a913960e681173"},{"Customer_Name":"B","Calendar_week":11,"Amount":2.0,"PickAndPay":0,"Revenue":1346.83,"Invoice_Date":"2016-03-14","Article_Number":"127811050","Article_Name":"MODULE S7\/ET200S\/4DI DC24V","Order_Form_ID":"69a6e69fe82901f1e0a913960e681173"},{"Customer_Name":"B","Calendar_week":11,"Amount":1.0,"PickAndPay":0,"Revenue":1009.92,"Invoice_Date":"2016-03-14","Article_Number":"127811051","Article_Name":"MODULE","Order_Form_ID":"69a6e69fe82901f1e0a913960e681173"},{"Customer_Name":"B","Calendar_week":11,"Amount":2.0,"PickAndPay":0,"Revenue":4431.55,"Invoice_Date":"2016-03-14","Article_Number":"127811052","Article_Name":"DIGITAL IN\/OUTPUT","Order_Form_ID":"69a6e69fe82901f1e0a913960e681173"},{"Customer_Name":"B","Calendar_week":11,"Amount":2.0,"PickAndPay":0,"Revenue":1824.73,"Invoice_Date":"2016-03-14","Article_Number":"127811060","Article_Name":"MODULE S7\/ET200S\/4DO DC24V\/0,5A","Order_Form_ID":"69a6e69fe82901f1e0a913960e681173"},{"Customer_Name":"B","Calendar_week":11,"Amount":2.0,"PickAndPay":0,"Revenue":4083.92,"Invoice_Date":"2016-03-14","Article_Number":"127811061","Article_Name":"MODULE 4DO","Order_Form_ID":"69a6e69fe82901f1e0a913960e681173"},{"Customer_Name":"B","Calendar_week":11,"Amount":2.0,"PickAndPay":0,"Revenue":2693.67,"Invoice_Date":"2016-03-14","Article_Number":"127811062","Article_Name":"DIGITAL IN\/OUTPUT","Order_Form_ID":"69a6e69fe82901f1e0a913960e681173"},{"Customer_Name":"B","Calendar_week":11,"Amount":2.0,"PickAndPay":0,"Revenue":668.88,"Invoice_Date":"2016-03-14","Article_Number":"127811070","Article_Name":"SUB-RACK S7\/ET200S\/24VDC\/POWER","Order_Form_ID":"69a6e69fe82901f1e0a913960e681173"},{"Customer_Name":"B","Calendar_week":11,"Amount":1.0,"PickAndPay":0,"Revenue":6756.16,"Invoice_Date":"2016-03-14","Article_Number":"129605200","Article_Name":"DIGITAL IN\/OUTPUT DO16","Order_Form_ID":"69a6e69fe82901f1e0a913960e681173"},{"Customer_Name":"B","Calendar_week":11,"Amount":2.0,"PickAndPay":0,"Revenue":668.88,"Invoice_Date":"2016-03-14","Article_Number":"130343910","Article_Name":"PROXIMITY SWITCH 10-30VDC;PNP;M8","Order_Form_ID":"69a6e69fe82901f1e0a913960e681173"},{"Customer_Name":"B","Calendar_week":11,"Amount":1.0,"PickAndPay":0,"Revenue":5691.55,"Invoice_Date":"2016-03-14","Article_Number":"155470300","Article_Name":"EMERGENCY STOP MODULE 2I\/2Q","Order_Form_ID":"69a6e69fe82901f1e0a913960e681173"},{"Customer_Name":"B","Calendar_week":11,"Amount":1.0,"PickAndPay":0,"Revenue":4409.84,"Invoice_Date":"2016-03-14","Article_Number":"155470310","Article_Name":"EMERGENCY STOP MODULE 8I\/24 VDC","Order_Form_ID":"69a6e69fe82901f1e0a913960e681173"},{"Customer_Name":"B","Calendar_week":11,"Amount":1.0,"PickAndPay":0,"Revenue":4409.84,"Invoice_Date":"2016-03-14","Article_Number":"155470311","Article_Name":"EMERGENCY STOP MODULE 24 VDC 5I\/1I","Order_Form_ID":"69a6e69fe82901f1e0a913960e681173"},{"Customer_Name":"B","Calendar_week":11,"Amount":1.0,"PickAndPay":0,"Revenue":2541.7,"Invoice_Date":"2016-03-14","Article_Number":"155470320","Article_Name":"EMERGENCY STOP MODULE 24VDC 4Q","Order_Form_ID":"69a6e69fe82901f1e0a913960e681173"},{"Customer_Name":"B","Calendar_week":11,"Amount":1.0,"PickAndPay":0,"Revenue":5691.55,"Invoice_Date":"2016-03-14","Article_Number":"155470321","Article_Name":"EMERGENCY STOP MODULE 24 VDC 3Q","Order_Form_ID":"69a6e69fe82901f1e0a913960e681173"},{"Customer_Name":"B","Calendar_week":11,"Amount":1.0,"PickAndPay":0,"Revenue":14250.72,"Invoice_Date":"2016-03-14","Article_Number":"155470330","Article_Name":"EMERGENCY STOP MODULE B45H84T121MM","Order_Form_ID":"69a6e69fe82901f1e0a913960e681173"},{"Customer_Name":"B","Calendar_week":11,"Amount":1.0,"PickAndPay":0,"Revenue":4388.14,"Invoice_Date":"2016-03-14","Article_Number":"161334200","Article_Name":"MODULE 1\/20\/500V 24VDC","Order_Form_ID":"69a6e69fe82901f1e0a913960e681173"},{"Customer_Name":"B","Calendar_week":11,"Amount":1.0,"PickAndPay":0,"Revenue":1716.18,"Invoice_Date":"2016-03-14","Article_Number":"162372800","Article_Name":"EMERGENCY STOP MODULE 24VDC 5S\/1Ö","Order_Form_ID":"69a6e69fe82901f1e0a913960e681173"},{"Customer_Name":"B","Calendar_week":11,"Amount":1.0,"PickAndPay":0,"Revenue":2954.46,"Invoice_Date":"2016-03-14","Article_Number":"178188400","Article_Name":"LIGHT BARRIER 24 VDC","Order_Form_ID":"69a6e69fe82901f1e0a913960e681173"},{"Customer_Name":"B","Calendar_week":11,"Amount":1.0,"PickAndPay":0,"Revenue":2954.46,"Invoice_Date":"2016-03-14","Article_Number":"178188401","Article_Name":"LIGHT BARRIER 24 VDC","Order_Form_ID":"69a6e69fe82901f1e0a913960e681173"},{"Customer_Name":"B","Calendar_week":11,"Amount":1.0,"PickAndPay":0,"Revenue":11817.57,"Invoice_Date":"2016-03-14","Article_Number":"185416200","Article_Name":"METERING UNIT S7\/300\/1CANAL\/20KHZ","Order_Form_ID":"69a6e69fe82901f1e0a913960e681173"},{"Customer_Name":"B","Calendar_week":11,"Amount":2.0,"PickAndPay":0,"Revenue":690.59,"Invoice_Date":"2016-03-14","Article_Number":"188574220","Article_Name":"PLUG 8POL","Order_Form_ID":"69a6e69fe82901f1e0a913960e681173"},{"Customer_Name":"B","Calendar_week":11,"Amount":1.0,"PickAndPay":0,"Revenue":13012.44,"Invoice_Date":"2016-03-14","Article_Number":"189331801","Article_Name":"GEAR WITH LIMIT SWITCHES 24 VDC","Order_Form_ID":"69a6e69fe82901f1e0a913960e681173"},{"Customer_Name":"B","Calendar_week":11,"Amount":2.0,"PickAndPay":0,"Revenue":2020.39,"Invoice_Date":"2016-03-14","Article_Number":"192468000","Article_Name":"PROXIMITY SWITCH E2A-M18LS08-M1-B1","Order_Form_ID":"69a6e69fe82901f1e0a913960e681173"},{"Customer_Name":"B","Calendar_week":11,"Amount":1.0,"PickAndPay":0,"Revenue":1737.89,"Invoice_Date":"2016-03-14","Article_Number":"193628800","Article_Name":"LIGHT BARRIER 10-30V DC","Order_Form_ID":"69a6e69fe82901f1e0a913960e681173"},{"Customer_Name":"B","Calendar_week":11,"Amount":1.0,"PickAndPay":0,"Revenue":1737.89,"Invoice_Date":"2016-03-14","Article_Number":"193628801","Article_Name":"LIGHT BARRIER 10-30V DC","Order_Form_ID":"69a6e69fe82901f1e0a913960e681173"},{"Customer_Name":"B","Calendar_week":11,"Amount":1.0,"PickAndPay":0,"Revenue":17878.46,"Invoice_Date":"2016-03-14","Article_Number":"194858404","Article_Name":"FREQUENCY CONTROLLER 320-550V\/9,5A\/45-65","Order_Form_ID":"69a6e69fe82901f1e0a913960e681173"},{"Customer_Name":"B","Calendar_week":11,"Amount":1.0,"PickAndPay":0,"Revenue":29826.57,"Invoice_Date":"2016-03-14","Article_Number":"194858405","Article_Name":"FREQUENCY CONTROLLER 320-550V\/13A\/45-65H","Order_Form_ID":"69a6e69fe82901f1e0a913960e681173"},{"Customer_Name":"B","Calendar_week":11,"Amount":1.0,"PickAndPay":0,"Revenue":39384.94,"Invoice_Date":"2016-03-14","Article_Number":"194858411","Article_Name":"FREQUENCY CONTROLLER 320-550V\/23,5A\/45-6","Order_Form_ID":"69a6e69fe82901f1e0a913960e681173"},{"Customer_Name":"B","Calendar_week":11,"Amount":1.0,"PickAndPay":0,"Revenue":17921.88,"Invoice_Date":"2016-03-14","Article_Number":"194858413","Article_Name":"FREQUENCY CONTROLLER 320-550V\/5,8A\/45-65","Order_Form_ID":"69a6e69fe82901f1e0a913960e681173"},{"Customer_Name":"B","Calendar_week":11,"Amount":1.0,"PickAndPay":0,"Revenue":24438.96,"Invoice_Date":"2016-03-14","Article_Number":"194858415","Article_Name":"FREQUENCY CONTROLLER 11.7A\/320-550V\/45-6","Order_Form_ID":"69a6e69fe82901f1e0a913960e681173"},{"Customer_Name":"B","Calendar_week":11,"Amount":1.0,"PickAndPay":0,"Revenue":30977.74,"Invoice_Date":"2016-03-14","Article_Number":"194858417","Article_Name":"FREQUENCY CONTROLLER 320-550V\/16,5A\/45-6","Order_Form_ID":"69a6e69fe82901f1e0a913960e681173"},{"Customer_Name":"B","Calendar_week":11,"Amount":1.0,"PickAndPay":0,"Revenue":38081.53,"Invoice_Date":"2016-03-14","Article_Number":"194858419","Article_Name":"FREQUENCY CONTROLLER 400-500V\/13A\/50-60H","Order_Form_ID":"69a6e69fe82901f1e0a913960e681173"},{"Customer_Name":"B","Calendar_week":11,"Amount":1.0,"PickAndPay":0,"Revenue":69493.74,"Invoice_Date":"2016-03-14","Article_Number":"194858420","Article_Name":"FREQUENCY CONTROLLER 40A\/18,5KW\/320-550V","Order_Form_ID":"69a6e69fe82901f1e0a913960e681173"},{"Customer_Name":"B","Calendar_week":11,"Amount":1.0,"PickAndPay":0,"Revenue":39515.2,"Invoice_Date":"2016-03-14","Article_Number":"194858422","Article_Name":"FREQUENCY CONTROLLER 400-500V\/5,6-4,5A\/5","Order_Form_ID":"69a6e69fe82901f1e0a913960e681173"},{"Customer_Name":"B","Calendar_week":11,"Amount":1.0,"PickAndPay":0,"Revenue":14554.66,"Invoice_Date":"2016-03-14","Article_Number":"194858600","Article_Name":"FREQUENCY CONTROLLER 400-500V\/50-60H, 0,","Order_Form_ID":"69a6e69fe82901f1e0a913960e681173"},{"Customer_Name":"B","Calendar_week":11,"Amount":1.0,"PickAndPay":0,"Revenue":1933.27,"Invoice_Date":"2016-03-14","Article_Number":"194864700","Article_Name":"EMERGENCY STOP MODULE 24VDC\/230VAC\/4S","Order_Form_ID":"69a6e69fe82901f1e0a913960e681173"},{"Customer_Name":"B","Calendar_week":11,"Amount":1.0,"PickAndPay":0,"Revenue":964.58,"Invoice_Date":"2016-03-14","Article_Number":"196992000","Article_Name":"CONTROL","Order_Form_ID":"69a6e69fe82901f1e0a913960e681173"},{"Customer_Name":"B","Calendar_week":11,"Amount":1.0,"PickAndPay":0,"Revenue":53027.24,"Invoice_Date":"2016-03-14","Article_Number":"197300001","Article_Name":"COMPONENT GROUP","Order_Form_ID":"69a6e69fe82901f1e0a913960e681173"},{"Customer_Name":"B","Calendar_week":11,"Amount":1.0,"PickAndPay":0,"Revenue":2172.36,"Invoice_Date":"2016-03-14","Article_Number":"197617200","Article_Name":"PROXIMITY SWITCH 10-30VDC\/PNP\/NPN\/4MM","Order_Form_ID":"69a6e69fe82901f1e0a913960e681173"},{"Customer_Name":"B","Calendar_week":11,"Amount":1.0,"PickAndPay":0,"Revenue":2128.94,"Invoice_Date":"2016-03-14","Article_Number":"197617300","Article_Name":"PROXIMITY SWITCH 10-30VDC\/PNP\/4MM","Order_Form_ID":"69a6e69fe82901f1e0a913960e681173"},{"Customer_Name":"B","Calendar_week":11,"Amount":1.0,"PickAndPay":0,"Revenue":37190.87,"Invoice_Date":"2016-03-14","Article_Number":"225992610","Article_Name":"COMMUNICATION MODULE 10 PORTS","Order_Form_ID":"69a6e69fe82901f1e0a913960e681173"},{"Customer_Name":"B","Calendar_week":11,"Amount":1.0,"PickAndPay":0,"Revenue":44750.57,"Invoice_Date":"2016-03-14","Article_Number":"231774001","Article_Name":"MODULE","Order_Form_ID":"69a6e69fe82901f1e0a913960e681173"},{"Customer_Name":"B","Calendar_week":11,"Amount":1.0,"PickAndPay":0,"Revenue":28175.52,"Invoice_Date":"2016-03-14","Article_Number":"271187300","Article_Name":"SENSOR 4-20MA\/24VDC","Order_Form_ID":"69a6e69fe82901f1e0a913960e681173"},{"Customer_Name":"B","Calendar_week":11,"Amount":1.0,"PickAndPay":0,"Revenue":391.05,"Invoice_Date":"2016-03-14","Article_Number":"277328100","Article_Name":"HOLDING DEVICE","Order_Form_ID":"69a6e69fe82901f1e0a913960e681173"},{"Customer_Name":"B","Calendar_week":11,"Amount":1.0,"PickAndPay":0,"Revenue":18899.37,"Invoice_Date":"2016-03-14","Article_Number":"280725902","Article_Name":"MONITORING SENSOR 24 VDC; 29X2616X35,4MM","Order_Form_ID":"69a6e69fe82901f1e0a913960e681173"},{"Customer_Name":"B","Calendar_week":11,"Amount":1.0,"PickAndPay":0,"Revenue":27154.33,"Invoice_Date":"2016-03-14","Article_Number":"280725903","Article_Name":"MONITORING SENSOR 24 VDC","Order_Form_ID":"69a6e69fe82901f1e0a913960e681173"},{"Customer_Name":"B","Calendar_week":11,"Amount":1.0,"PickAndPay":0,"Revenue":14793.74,"Invoice_Date":"2016-03-14","Article_Number":"280725906","Article_Name":"MONITORING SENSOR 24 VDC","Order_Form_ID":"69a6e69fe82901f1e0a913960e681173"},{"Customer_Name":"B","Calendar_week":11,"Amount":1.0,"PickAndPay":0,"Revenue":22375.15,"Invoice_Date":"2016-03-14","Article_Number":"280725907","Article_Name":"MONITORING SENSOR 24 VDC","Order_Form_ID":"69a6e69fe82901f1e0a913960e681173"},{"Customer_Name":"B","Calendar_week":11,"Amount":1.0,"PickAndPay":0,"Revenue":5908.92,"Invoice_Date":"2016-03-14","Article_Number":"280768800","Article_Name":"EMERGENCY STOP MODULE B22,5H96,5,T120","Order_Form_ID":"69a6e69fe82901f1e0a913960e681173"},{"Customer_Name":"B","Calendar_week":11,"Amount":1.0,"PickAndPay":0,"Revenue":10449.03,"Invoice_Date":"2016-03-14","Article_Number":"280768801","Article_Name":"EMERGENCY STOP MODULE B22,5H96,5,T120","Order_Form_ID":"69a6e69fe82901f1e0a913960e681173"},{"Customer_Name":"B","Calendar_week":11,"Amount":1.0,"PickAndPay":0,"Revenue":6799.58,"Invoice_Date":"2016-03-14","Article_Number":"280768802","Article_Name":"EMERGENCY STOP MODULE B22,5H96,5T120","Order_Form_ID":"69a6e69fe82901f1e0a913960e681173"},{"Customer_Name":"B","Calendar_week":11,"Amount":2.0,"PickAndPay":0,"Revenue":999.2,"Invoice_Date":"2016-03-14","Article_Number":"287805700","Article_Name":"PROXIMITY SWITCH 10-30VDC\/M12\/PNP\/2MM","Order_Form_ID":"69a6e69fe82901f1e0a913960e681173"},{"Customer_Name":"B","Calendar_week":11,"Amount":1.0,"PickAndPay":0,"Revenue":52049.75,"Invoice_Date":"2016-03-14","Article_Number":"295324030","Article_Name":"CONVERTER 1XELEKTRONIK 1XSENSOR","Order_Form_ID":"69a6e69fe82901f1e0a913960e681173"},{"Customer_Name":"B","Calendar_week":11,"Amount":1.0,"PickAndPay":0,"Revenue":142267.58,"Invoice_Date":"2016-03-14","Article_Number":"197300003","Article_Name":"COMPUTER","Order_Form_ID":"69a6e69fe82901f1e0a913960e681173"},{"Customer_Name":"B","Calendar_week":11,"Amount":1.0,"PickAndPay":0,"Revenue":139465.36,"Invoice_Date":"2016-03-14","Article_Number":"267610253","Article_Name":"COMPUTER 24 VDC","Order_Form_ID":"69a6e69fe82901f1e0a913960e681173"},{"Customer_Name":"B","Calendar_week":11,"Amount":1.0,"PickAndPay":0,"Revenue":4122.12,"Invoice_Date":"2016-03-14","Article_Number":"V00000024","Article_Name":"PACKING CHARGES (BOX)","Order_Form_ID":"69a6e69fe82901f1e0a913960e681173"},{"Customer_Name":"B","Calendar_week":11,"Amount":1.0,"PickAndPay":0,"Revenue":192.37,"Invoice_Date":"2016-03-14","Article_Number":"V00000025","Article_Name":"PACKING CHARGES (CARTON)","Order_Form_ID":"69a6e69fe82901f1e0a913960e681173"},{"Customer_Name":"B","Calendar_week":11,"Amount":1.0,"PickAndPay":0,"Revenue":412.21,"Invoice_Date":"2016-03-14","Article_Number":"V00000019","Article_Name":"PACKING CHARGES (EUR-PALLET) 1200X800X14","Order_Form_ID":"69a6e69fe82901f1e0a913960e681173"},{"Customer_Name":"B","Calendar_week":11,"Amount":2.0,"PickAndPay":0,"Revenue":4946.55,"Invoice_Date":"2016-03-14","Article_Number":"V00000015","Article_Name":"PACKING CHARGES (BOX) 3130X410X310MM","Order_Form_ID":"69a6e69fe82901f1e0a913960e681173"},{"Customer_Name":"B","Calendar_week":11,"Amount":1.0,"PickAndPay":0,"Revenue":2748.08,"Invoice_Date":"2016-03-14","Article_Number":"V00000003","Article_Name":"PACKING CHARGES (BOX) 3100X340X430MM","Order_Form_ID":"69a6e69fe82901f1e0a913960e681173"},{"Customer_Name":"B","Calendar_week":11,"Amount":2.0,"PickAndPay":0,"Revenue":2748.08,"Invoice_Date":"2016-03-14","Article_Number":"110680300","Article_Name":"PACKING CHARGES (PAL-BOX III) 1070X710X8","Order_Form_ID":"69a6e69fe82901f1e0a913960e681173"},{"Customer_Name":"B","Calendar_week":11,"Amount":1.0,"PickAndPay":0,"Revenue":2215.78,"Invoice_Date":"2016-03-14","Article_Number":"102675800","Article_Name":"COUPLING 8\/10MM","Order_Form_ID":"69a6e69fe82901f1e0a913960e681173"},{"Customer_Name":"B","Calendar_week":11,"Amount":1.0,"PickAndPay":0,"Revenue":192.37,"Invoice_Date":"2016-03-14","Article_Number":"110991000","Article_Name":"PACKING CHARGES (CARTON) 200X200X80","Order_Form_ID":"69a6e69fe82901f1e0a913960e681173"},{"Customer_Name":"B","Calendar_week":11,"Amount":1.0,"PickAndPay":0,"Revenue":14661.01,"Invoice_Date":"2016-03-14","Article_Number":"P030FR001","Article_Name":"FREIGHT CHARGES","Order_Form_ID":"69a6e69fe82901f1e0a913960e681173"},{"Customer_Name":"B","Calendar_week":11,"Amount":1.0,"PickAndPay":0,"Revenue":12860.47,"Invoice_Date":"2016-03-16","Article_Number":"100686325","Article_Name":"COMPRESSED-AIR MOTOR G1\/8 - 10.6NM","Order_Form_ID":"be586d5f3bae070030036a3b3149355e"},{"Customer_Name":"B","Calendar_week":11,"Amount":10.0,"PickAndPay":0,"Revenue":5821.81,"Invoice_Date":"2016-03-16","Article_Number":"149000","Article_Name":"ADHESIVE TAPE 50MMX100M","Order_Form_ID":"be586d5f3bae070030036a3b3149355e"},{"Customer_Name":"B","Calendar_week":11,"Amount":1.0,"PickAndPay":0,"Revenue":432.27,"Invoice_Date":"2016-03-16","Article_Number":"127654810","Article_Name":"SEALING RING 50X136X2","Order_Form_ID":"be586d5f3bae070030036a3b3149355e"},{"Customer_Name":"B","Calendar_week":11,"Amount":2.0,"PickAndPay":0,"Revenue":1164.36,"Invoice_Date":"2016-03-16","Article_Number":"149000","Article_Name":"ADHESIVE TAPE 50MMX100M","Order_Form_ID":"be586d5f3bae070030036a3b3149355e"},{"Customer_Name":"B","Calendar_week":11,"Amount":1.0,"PickAndPay":0,"Revenue":15076.24,"Invoice_Date":"2016-03-16","Article_Number":"124029130","Article_Name":"COMMUNICATION MODULE 28PORT; 100MBIT","Order_Form_ID":"be586d5f3bae070030036a3b3149355e"},{"Customer_Name":"B","Calendar_week":11,"Amount":1.0,"PickAndPay":0,"Revenue":192.37,"Invoice_Date":"2016-03-16","Article_Number":"110991004","Article_Name":"PACKING CHARGES (CARTON) 610X410X230","Order_Form_ID":"be586d5f3bae070030036a3b3149355e"},{"Customer_Name":"B","Calendar_week":12,"Amount":3.0,"PickAndPay":0,"Revenue":808.21,"Invoice_Date":"2016-03-22","Article_Number":"114743800","Article_Name":"L-SHAPED THREAD.PIPE CONNECTION M5X0.8-4","Order_Form_ID":"38c9c5856929632f3b6a622c82d52096"},{"Customer_Name":"B","Calendar_week":12,"Amount":3.0,"PickAndPay":0,"Revenue":646.35,"Invoice_Date":"2016-03-22","Article_Number":"116854500","Article_Name":"PNEUMATIC THROTTLE 9X4","Order_Form_ID":"38c9c5856929632f3b6a622c82d52096"},{"Customer_Name":"B","Calendar_week":12,"Amount":3.0,"PickAndPay":0,"Revenue":493.01,"Invoice_Date":"2016-03-22","Article_Number":"289162900","Article_Name":"PLUG-IN CONNECTION, STRAIGHT D-4","Order_Form_ID":"38c9c5856929632f3b6a622c82d52096"},{"Customer_Name":"B","Calendar_week":12,"Amount":1.0,"PickAndPay":0,"Revenue":192.37,"Invoice_Date":"2016-03-22","Article_Number":"110991000","Article_Name":"PACKING CHARGES (CARTON) 200X200X80","Order_Form_ID":"38c9c5856929632f3b6a622c82d52096"},{"Customer_Name":"B","Calendar_week":11,"Amount":-4.0,"PickAndPay":0,"Revenue":-564.73,"Invoice_Date":"2016-03-14","Article_Number":"104581513","Article_Name":"O-RING 10X2","Order_Form_ID":"fc7ee5f3774037b1de3c7941fa2daa5f"},{"Customer_Name":"B","Calendar_week":11,"Amount":-168.0,"PickAndPay":0,"Revenue":-82115.12,"Invoice_Date":"2016-03-14","Article_Number":"104581595","Article_Name":"BRAKE LINING CORRUDUR® 64X5X10","Order_Form_ID":"fc7ee5f3774037b1de3c7941fa2daa5f"},{"Customer_Name":"B","Calendar_week":11,"Amount":-4.0,"PickAndPay":0,"Revenue":-251.17,"Invoice_Date":"2016-03-14","Article_Number":"101951401","Article_Name":"RUBBER EDGE 5X75X35","Order_Form_ID":"fc7ee5f3774037b1de3c7941fa2daa5f"},{"Customer_Name":"B","Calendar_week":11,"Amount":-1.0,"PickAndPay":0,"Revenue":-586.44,"Invoice_Date":"2016-03-14","Article_Number":"102590601","Article_Name":"SERVICE-SET G1\/4 - 63X20","Order_Form_ID":"fc7ee5f3774037b1de3c7941fa2daa5f"},{"Customer_Name":"B","Calendar_week":11,"Amount":-33.0,"PickAndPay":0,"Revenue":-4373.02,"Invoice_Date":"2016-03-14","Article_Number":"103373903","Article_Name":"FOIL 70 BR. 0,25 ST","Order_Form_ID":"fc7ee5f3774037b1de3c7941fa2daa5f"},{"Customer_Name":"B","Calendar_week":11,"Amount":-1.0,"PickAndPay":0,"Revenue":-1542.5,"Invoice_Date":"2016-03-14","Article_Number":"103423950","Article_Name":"RUBBER PLATE 200X3X2900","Order_Form_ID":"fc7ee5f3774037b1de3c7941fa2daa5f"},{"Customer_Name":"B","Calendar_week":11,"Amount":-4.0,"PickAndPay":0,"Revenue":-530.1,"Invoice_Date":"2016-03-14","Article_Number":"104230503","Article_Name":"FOAM RUBBER 60X40X12","Order_Form_ID":"fc7ee5f3774037b1de3c7941fa2daa5f"},{"Customer_Name":"B","Calendar_week":11,"Amount":-2.0,"PickAndPay":0,"Revenue":-625.46,"Invoice_Date":"2016-03-14","Article_Number":"104230550","Article_Name":"FOAM RUBBER 60X12X2850","Order_Form_ID":"fc7ee5f3774037b1de3c7941fa2daa5f"},{"Customer_Name":"B","Calendar_week":11,"Amount":-6.0,"PickAndPay":0,"Revenue":-376.76,"Invoice_Date":"2016-03-14","Article_Number":"118550500","Article_Name":"O-RING 90,00X2,00","Order_Form_ID":"fc7ee5f3774037b1de3c7941fa2daa5f"},{"Customer_Name":"B","Calendar_week":11,"Amount":-1.0,"PickAndPay":0,"Revenue":-955.78,"Invoice_Date":"2016-03-14","Article_Number":"601135","Article_Name":"GLUE 1PC=1L","Order_Form_ID":"fc7ee5f3774037b1de3c7941fa2daa5f"},{"Customer_Name":"B","Calendar_week":11,"Amount":-20.0,"PickAndPay":0,"Revenue":-1564.21,"Invoice_Date":"2016-03-14","Article_Number":"100868100","Article_Name":"RUBBER PROFILE 18.5X21.5, PACKING UNIT:","Order_Form_ID":"fc7ee5f3774037b1de3c7941fa2daa5f"},{"Customer_Name":"B","Calendar_week":11,"Amount":-5.0,"PickAndPay":0,"Revenue":-1108.03,"Invoice_Date":"2016-03-14","Article_Number":"100868500","Article_Name":"RUBBER PROFILE 26X31, PACKING UNIT: 5M","Order_Form_ID":"fc7ee5f3774037b1de3c7941fa2daa5f"},{"Customer_Name":"B","Calendar_week":11,"Amount":-1.0,"PickAndPay":0,"Revenue":-1020.91,"Invoice_Date":"2016-03-14","Article_Number":"101702202","Article_Name":"SEALING RING 131\/111X10","Order_Form_ID":"fc7ee5f3774037b1de3c7941fa2daa5f"},{"Customer_Name":"B","Calendar_week":11,"Amount":-1.0,"PickAndPay":0,"Revenue":-2606.83,"Invoice_Date":"2016-03-14","Article_Number":"102331301","Article_Name":"2\/2 WAY SOLENOID VALVE G1\/2 - NW12","Order_Form_ID":"fc7ee5f3774037b1de3c7941fa2daa5f"},{"Customer_Name":"B","Calendar_week":11,"Amount":-1.0,"PickAndPay":0,"Revenue":-27110.91,"Invoice_Date":"2016-03-14","Article_Number":"102385500","Article_Name":"ROTARY STEAM JOINT","Order_Form_ID":"fc7ee5f3774037b1de3c7941fa2daa5f"},{"Customer_Name":"B","Calendar_week":11,"Amount":-6.0,"PickAndPay":0,"Revenue":-9254.16,"Invoice_Date":"2016-03-14","Article_Number":"103560703","Article_Name":"BELT 80X2450X3","Order_Form_ID":"fc7ee5f3774037b1de3c7941fa2daa5f"},{"Customer_Name":"B","Calendar_week":11,"Amount":-7.0,"PickAndPay":0,"Revenue":-7451.15,"Invoice_Date":"2016-03-14","Article_Number":"103560708","Article_Name":"BELT 80X3X1330","Order_Form_ID":"fc7ee5f3774037b1de3c7941fa2daa5f"},{"Customer_Name":"B","Calendar_week":11,"Amount":-2.0,"PickAndPay":0,"Revenue":-3258.4,"Invoice_Date":"2016-03-14","Article_Number":"103560754","Article_Name":"BELT 80X 1750X 3","Order_Form_ID":"fc7ee5f3774037b1de3c7941fa2daa5f"},{"Customer_Name":"B","Calendar_week":11,"Amount":-1.0,"PickAndPay":0,"Revenue":-1303.41,"Invoice_Date":"2016-03-14","Article_Number":"104196402","Article_Name":"FLAT BELT 50X2,4X1920","Order_Form_ID":"fc7ee5f3774037b1de3c7941fa2daa5f"},{"Customer_Name":"B","Calendar_week":11,"Amount":-10.0,"PickAndPay":0,"Revenue":-1084.12,"Invoice_Date":"2016-03-14","Article_Number":"104212300","Article_Name":"O-RING 240,00X5,00","Order_Form_ID":"fc7ee5f3774037b1de3c7941fa2daa5f"},{"Customer_Name":"B","Calendar_week":11,"Amount":-5.0,"PickAndPay":0,"Revenue":-7711.94,"Invoice_Date":"2016-03-14","Article_Number":"105337510","Article_Name":"PROFILED JOINT 20X25X637","Order_Form_ID":"fc7ee5f3774037b1de3c7941fa2daa5f"},{"Customer_Name":"B","Calendar_week":11,"Amount":-1.0,"PickAndPay":0,"Revenue":-432.27,"Invoice_Date":"2016-03-14","Article_Number":"105899902","Article_Name":"TOOTHED BELT HTD 9X 5X1100","Order_Form_ID":"fc7ee5f3774037b1de3c7941fa2daa5f"},{"Customer_Name":"B","Calendar_week":11,"Amount":-5.0,"PickAndPay":0,"Revenue":-1108.03,"Invoice_Date":"2016-03-14","Article_Number":"106250400","Article_Name":"PROFILE FOR METAL CLAMPING 1-3 MM","Order_Form_ID":"fc7ee5f3774037b1de3c7941fa2daa5f"},{"Customer_Name":"B","Calendar_week":11,"Amount":-12.0,"PickAndPay":0,"Revenue":-795.02,"Invoice_Date":"2016-03-14","Article_Number":"106566766","Article_Name":"LOCKING PLATE FUER D=16","Order_Form_ID":"fc7ee5f3774037b1de3c7941fa2daa5f"},{"Customer_Name":"B","Calendar_week":11,"Amount":-180.0,"PickAndPay":0,"Revenue":-10557.58,"Invoice_Date":"2016-03-14","Article_Number":"106606921","Article_Name":"CLEAN-OUT FINGER BL1.0X98X90LG","Order_Form_ID":"fc7ee5f3774037b1de3c7941fa2daa5f"},{"Customer_Name":"B","Calendar_week":11,"Amount":-4.0,"PickAndPay":0,"Revenue":-4257.88,"Invoice_Date":"2016-03-14","Article_Number":"106885200","Article_Name":"RADIAL SHAFT SEAL 143X184X15","Order_Form_ID":"fc7ee5f3774037b1de3c7941fa2daa5f"},{"Customer_Name":"B","Calendar_week":11,"Amount":-4.0,"PickAndPay":0,"Revenue":-438.87,"Invoice_Date":"2016-03-14","Article_Number":"107408700","Article_Name":"FLAT SPRING 0,8X10X56","Order_Form_ID":"fc7ee5f3774037b1de3c7941fa2daa5f"},{"Customer_Name":"B","Calendar_week":11,"Amount":-2.0,"PickAndPay":0,"Revenue":-125.59,"Invoice_Date":"2016-03-14","Article_Number":"107806800","Article_Name":"O-RING 170,00X3,00","Order_Form_ID":"fc7ee5f3774037b1de3c7941fa2daa5f"},{"Customer_Name":"B","Calendar_week":11,"Amount":-1.0,"PickAndPay":0,"Revenue":-3562.61,"Invoice_Date":"2016-03-14","Article_Number":"107988610","Article_Name":"TOOTHED BELT HTD 50X8MX2000 CXP","Order_Form_ID":"fc7ee5f3774037b1de3c7941fa2daa5f"},{"Customer_Name":"B","Calendar_week":11,"Amount":-1.0,"PickAndPay":0,"Revenue":-1303.41,"Invoice_Date":"2016-03-14","Article_Number":"108049306","Article_Name":"SET OF SEALS 10X113X122","Order_Form_ID":"fc7ee5f3774037b1de3c7941fa2daa5f"},{"Customer_Name":"B","Calendar_week":11,"Amount":-1.0,"PickAndPay":0,"Revenue":-921.16,"Invoice_Date":"2016-03-14","Article_Number":"108143300","Article_Name":"COUPLING G 2\"","Order_Form_ID":"fc7ee5f3774037b1de3c7941fa2daa5f"},{"Customer_Name":"B","Calendar_week":11,"Amount":-1.0,"PickAndPay":0,"Revenue":-1672.76,"Invoice_Date":"2016-03-14","Article_Number":"108143301","Article_Name":"COUPLING G 2 1\/2\"","Order_Form_ID":"fc7ee5f3774037b1de3c7941fa2daa5f"},{"Customer_Name":"B","Calendar_week":11,"Amount":-1.0,"PickAndPay":0,"Revenue":-54.14,"Invoice_Date":"2016-03-14","Article_Number":"108143311","Article_Name":"SEAL GR. 2 1\/2\"","Order_Form_ID":"fc7ee5f3774037b1de3c7941fa2daa5f"},{"Customer_Name":"B","Calendar_week":11,"Amount":-2.0,"PickAndPay":0,"Revenue":-1564.21,"Invoice_Date":"2016-03-14","Article_Number":"108164000","Article_Name":"COUPLING G 1 1\/2\"","Order_Form_ID":"fc7ee5f3774037b1de3c7941fa2daa5f"},{"Customer_Name":"B","Calendar_week":11,"Amount":-2.0,"PickAndPay":0,"Revenue":-125.59,"Invoice_Date":"2016-03-14","Article_Number":"108164010","Article_Name":"SEAL G 1 1\/2\"","Order_Form_ID":"fc7ee5f3774037b1de3c7941fa2daa5f"},{"Customer_Name":"B","Calendar_week":11,"Amount":-4.0,"PickAndPay":0,"Revenue":-8863.11,"Invoice_Date":"2016-03-14","Article_Number":"108224010","Article_Name":"SEAL 10X245X223,5","Order_Form_ID":"fc7ee5f3774037b1de3c7941fa2daa5f"},{"Customer_Name":"B","Calendar_week":11,"Amount":-4.0,"PickAndPay":0,"Revenue":-7038.38,"Invoice_Date":"2016-03-14","Article_Number":"108224110","Article_Name":"SEAL 10X173X100,5","Order_Form_ID":"fc7ee5f3774037b1de3c7941fa2daa5f"},{"Customer_Name":"B","Calendar_week":11,"Amount":-4.0,"PickAndPay":0,"Revenue":-8863.11,"Invoice_Date":"2016-03-14","Article_Number":"108224310","Article_Name":"SEAL 15X175X71  CUZN","Order_Form_ID":"fc7ee5f3774037b1de3c7941fa2daa5f"},{"Customer_Name":"B","Calendar_week":11,"Amount":-9.0,"PickAndPay":0,"Revenue":-565.01,"Invoice_Date":"2016-03-14","Article_Number":"109611300","Article_Name":"PRESSURE SPRING 1,50X10,5X55,0","Order_Form_ID":"fc7ee5f3774037b1de3c7941fa2daa5f"},{"Customer_Name":"B","Calendar_week":11,"Amount":-4.0,"PickAndPay":0,"Revenue":-4518.39,"Invoice_Date":"2016-03-14","Article_Number":"109612522","Article_Name":"SEALING LEDGE 5,5X65X2965","Order_Form_ID":"fc7ee5f3774037b1de3c7941fa2daa5f"},{"Customer_Name":"B","Calendar_week":11,"Amount":-2.0,"PickAndPay":0,"Revenue":-442.99,"Invoice_Date":"2016-03-14","Article_Number":"110658000","Article_Name":"TOOTHED BELT 15X 5X 500","Order_Form_ID":"fc7ee5f3774037b1de3c7941fa2daa5f"},{"Customer_Name":"B","Calendar_week":11,"Amount":-2.0,"PickAndPay":0,"Revenue":-2563.41,"Invoice_Date":"2016-03-14","Article_Number":"111125198","Article_Name":"GLUE DAM JOINT 3X128X197","Order_Form_ID":"fc7ee5f3774037b1de3c7941fa2daa5f"},{"Customer_Name":"B","Calendar_week":11,"Amount":-2.0,"PickAndPay":0,"Revenue":-2563.41,"Invoice_Date":"2016-03-14","Article_Number":"111125199","Article_Name":"GLUE DAM JOINT 3X128X197","Order_Form_ID":"fc7ee5f3774037b1de3c7941fa2daa5f"},{"Customer_Name":"B","Calendar_week":11,"Amount":-4.0,"PickAndPay":0,"Revenue":-8863.11,"Invoice_Date":"2016-03-14","Article_Number":"111125303","Article_Name":"GLUE DAM JOINT 3X260X220","Order_Form_ID":"fc7ee5f3774037b1de3c7941fa2daa5f"},{"Customer_Name":"B","Calendar_week":11,"Amount":-8.0,"PickAndPay":0,"Revenue":-502.07,"Invoice_Date":"2016-03-14","Article_Number":"113878200","Article_Name":"FLAT PACKING 42X56X2","Order_Form_ID":"fc7ee5f3774037b1de3c7941fa2daa5f"},{"Customer_Name":"B","Calendar_week":11,"Amount":-6.0,"PickAndPay":0,"Revenue":-1994.01,"Invoice_Date":"2016-03-14","Article_Number":"114519400","Article_Name":"SUPPORT RING SG38.8X45X1.4G","Order_Form_ID":"fc7ee5f3774037b1de3c7941fa2daa5f"},{"Customer_Name":"B","Calendar_week":11,"Amount":-4.0,"PickAndPay":0,"Revenue":-251.17,"Invoice_Date":"2016-03-14","Article_Number":"114779700","Article_Name":"V-RING 90  X 9,0","Order_Form_ID":"fc7ee5f3774037b1de3c7941fa2daa5f"},{"Customer_Name":"B","Calendar_week":11,"Amount":-1.0,"PickAndPay":0,"Revenue":-221.77,"Invoice_Date":"2016-03-14","Article_Number":"114816800","Article_Name":"SEALING LEDGE 5,5X15X160LG","Order_Form_ID":"fc7ee5f3774037b1de3c7941fa2daa5f"},{"Customer_Name":"B","Calendar_week":11,"Amount":-6.0,"PickAndPay":0,"Revenue":-376.76,"Invoice_Date":"2016-03-14","Article_Number":"118550500","Article_Name":"O-RING 90,00X2,00","Order_Form_ID":"fc7ee5f3774037b1de3c7941fa2daa5f"},{"Customer_Name":"B","Calendar_week":11,"Amount":-4.0,"PickAndPay":0,"Revenue":-1781.31,"Invoice_Date":"2016-03-14","Article_Number":"119683300","Article_Name":"RADIAL SHAFT SEAL AS 90,0X110X 8","Order_Form_ID":"fc7ee5f3774037b1de3c7941fa2daa5f"},{"Customer_Name":"B","Calendar_week":11,"Amount":-1.0,"PickAndPay":0,"Revenue":-1672.76,"Invoice_Date":"2016-03-14","Article_Number":"119826410","Article_Name":"STEAM HOSE 1\"X350MM","Order_Form_ID":"fc7ee5f3774037b1de3c7941fa2daa5f"},{"Customer_Name":"B","Calendar_week":11,"Amount":-1.0,"PickAndPay":0,"Revenue":-5126.82,"Invoice_Date":"2016-03-14","Article_Number":"119956100","Article_Name":"STEAM HOSE 3\/4\" X 4850MM","Order_Form_ID":"fc7ee5f3774037b1de3c7941fa2daa5f"},{"Customer_Name":"B","Calendar_week":11,"Amount":-1.0,"PickAndPay":0,"Revenue":-3323.8,"Invoice_Date":"2016-03-14","Article_Number":"119957860","Article_Name":"STEAM HOSE 1\"X875MM -5\/+10","Order_Form_ID":"fc7ee5f3774037b1de3c7941fa2daa5f"},{"Customer_Name":"B","Calendar_week":11,"Amount":-1.0,"PickAndPay":0,"Revenue":-3475.77,"Invoice_Date":"2016-03-14","Article_Number":"119958260","Article_Name":"STEAM HOSE 1 1\/4\"X930MM","Order_Form_ID":"fc7ee5f3774037b1de3c7941fa2daa5f"},{"Customer_Name":"B","Calendar_week":11,"Amount":-1.0,"PickAndPay":0,"Revenue":-65105.6,"Invoice_Date":"2016-03-14","Article_Number":"121010670","Article_Name":"ROTARY STEAM JOINT JOHNSON 9500CNA-PTM-1","Order_Form_ID":"fc7ee5f3774037b1de3c7941fa2daa5f"},{"Customer_Name":"B","Calendar_week":11,"Amount":-1.0,"PickAndPay":0,"Revenue":-5105.11,"Invoice_Date":"2016-03-14","Article_Number":"121072003","Article_Name":"STEAM HOSE 1\/2\" X 4850MM","Order_Form_ID":"fc7ee5f3774037b1de3c7941fa2daa5f"},{"Customer_Name":"B","Calendar_week":11,"Amount":-4.0,"PickAndPay":0,"Revenue":-1338.32,"Invoice_Date":"2016-03-14","Article_Number":"121684600","Article_Name":"BAFFLE PLATE 135X172X1,5","Order_Form_ID":"fc7ee5f3774037b1de3c7941fa2daa5f"},{"Customer_Name":"B","Calendar_week":11,"Amount":-2.0,"PickAndPay":0,"Revenue":-7125.22,"Invoice_Date":"2016-03-14","Article_Number":"124309599","Article_Name":"FILTER ELEMENT NG100","Order_Form_ID":"fc7ee5f3774037b1de3c7941fa2daa5f"},{"Customer_Name":"B","Calendar_week":11,"Amount":-1.0,"PickAndPay":0,"Revenue":-432.27,"Invoice_Date":"2016-03-14","Article_Number":"127654810","Article_Name":"SEALING RING 50X136X2","Order_Form_ID":"fc7ee5f3774037b1de3c7941fa2daa5f"},{"Customer_Name":"B","Calendar_week":11,"Amount":-4.0,"PickAndPay":0,"Revenue":-1338.32,"Invoice_Date":"2016-03-14","Article_Number":"131672100","Article_Name":"O-RING 29,30X3,60","Order_Form_ID":"fc7ee5f3774037b1de3c7941fa2daa5f"},{"Customer_Name":"B","Calendar_week":11,"Amount":-1.0,"PickAndPay":0,"Revenue":-445.19,"Invoice_Date":"2016-03-14","Article_Number":"131672110","Article_Name":"O-RING 53,57X3,53","Order_Form_ID":"fc7ee5f3774037b1de3c7941fa2daa5f"},{"Customer_Name":"B","Calendar_week":11,"Amount":-2.0,"PickAndPay":0,"Revenue":-1733.49,"Invoice_Date":"2016-03-14","Article_Number":"131672120","Article_Name":"O-RING 50,17X5,33","Order_Form_ID":"fc7ee5f3774037b1de3c7941fa2daa5f"},{"Customer_Name":"B","Calendar_week":11,"Amount":-6.0,"PickAndPay":0,"Revenue":-2007.2,"Invoice_Date":"2016-03-14","Article_Number":"131672130","Article_Name":"O-RING 37,69X3,53","Order_Form_ID":"fc7ee5f3774037b1de3c7941fa2daa5f"},{"Customer_Name":"B","Calendar_week":11,"Amount":-1.0,"PickAndPay":0,"Revenue":-62.93,"Invoice_Date":"2016-03-14","Article_Number":"137782","Article_Name":"RADIAL SHAFT SEAL A  55,0X 70X 8","Order_Form_ID":"fc7ee5f3774037b1de3c7941fa2daa5f"},{"Customer_Name":"B","Calendar_week":11,"Amount":-1.0,"PickAndPay":0,"Revenue":-1759.6,"Invoice_Date":"2016-03-14","Article_Number":"139530","Article_Name":"STEAM HOSE 1 1\/4\"X450 DN32","Order_Form_ID":"fc7ee5f3774037b1de3c7941fa2daa5f"},{"Customer_Name":"B","Calendar_week":11,"Amount":-1.0,"PickAndPay":0,"Revenue":-1151.45,"Invoice_Date":"2016-03-14","Article_Number":"139531","Article_Name":"STEAM HOSE 3\/4\" X450","Order_Form_ID":"fc7ee5f3774037b1de3c7941fa2daa5f"},{"Customer_Name":"B","Calendar_week":11,"Amount":-4.8,"PickAndPay":0,"Revenue":-5213.66,"Invoice_Date":"2016-03-14","Article_Number":"148143400","Article_Name":"HOOK BELT FASTENER G006-SS-600W","Order_Form_ID":"fc7ee5f3774037b1de3c7941fa2daa5f"},{"Customer_Name":"B","Calendar_week":11,"Amount":-2.0,"PickAndPay":0,"Revenue":-955.78,"Invoice_Date":"2016-03-14","Article_Number":"148334300","Article_Name":"RADIAL SHAFT SEAL A 120,0X150X12","Order_Form_ID":"fc7ee5f3774037b1de3c7941fa2daa5f"},{"Customer_Name":"B","Calendar_week":11,"Amount":-7.0,"PickAndPay":0,"Revenue":-212.7,"Invoice_Date":"2016-03-14","Article_Number":"150011","Article_Name":"FLAT PACKING 3\/4\"\/ 27X38X2","Order_Form_ID":"fc7ee5f3774037b1de3c7941fa2daa5f"},{"Customer_Name":"B","Calendar_week":11,"Amount":-8.0,"PickAndPay":0,"Revenue":-243.48,"Invoice_Date":"2016-03-14","Article_Number":"150015","Article_Name":"FLAT PACKING 41X55X2","Order_Form_ID":"fc7ee5f3774037b1de3c7941fa2daa5f"},{"Customer_Name":"B","Calendar_week":11,"Amount":-11.0,"PickAndPay":0,"Revenue":-167.36,"Invoice_Date":"2016-03-14","Article_Number":"150212","Article_Name":"O-RING 39,20X3,00","Order_Form_ID":"fc7ee5f3774037b1de3c7941fa2daa5f"},{"Customer_Name":"B","Calendar_week":11,"Amount":-4.0,"PickAndPay":0,"Revenue":-251.17,"Invoice_Date":"2016-03-14","Article_Number":"150256","Article_Name":"SEALING RING 33,0X39,0X2,0","Order_Form_ID":"fc7ee5f3774037b1de3c7941fa2daa5f"},{"Customer_Name":"B","Calendar_week":11,"Amount":-2.0,"PickAndPay":0,"Revenue":-125.59,"Invoice_Date":"2016-03-14","Article_Number":"150343","Article_Name":"SEALING RING 38,0X46,0X2,0","Order_Form_ID":"fc7ee5f3774037b1de3c7941fa2daa5f"},{"Customer_Name":"B","Calendar_week":11,"Amount":-2.0,"PickAndPay":0,"Revenue":-2389.46,"Invoice_Date":"2016-03-14","Article_Number":"163270928","Article_Name":"SCRAPER BLADE CORRUDUR® 2850X50X1,5","Order_Form_ID":"fc7ee5f3774037b1de3c7941fa2daa5f"},{"Customer_Name":"B","Calendar_week":11,"Amount":-5.0,"PickAndPay":0,"Revenue":-857.95,"Invoice_Date":"2016-03-14","Article_Number":"163467601","Article_Name":"PROFILE FOR METAL CLAMPING 1-3 MM","Order_Form_ID":"fc7ee5f3774037b1de3c7941fa2daa5f"},{"Customer_Name":"B","Calendar_week":11,"Amount":-2.0,"PickAndPay":0,"Revenue":-408623.64,"Invoice_Date":"2016-03-14","Article_Number":"171115220","Article_Name":"PRESSURE BELT I-QUALITY 2860X 2930","Order_Form_ID":"fc7ee5f3774037b1de3c7941fa2daa5f"},{"Customer_Name":"B","Calendar_week":11,"Amount":-2.0,"PickAndPay":0,"Revenue":-4779.19,"Invoice_Date":"2016-03-14","Article_Number":"180002.51","Article_Name":"SET OF SEALS","Order_Form_ID":"fc7ee5f3774037b1de3c7941fa2daa5f"},{"Customer_Name":"B","Calendar_week":11,"Amount":-1.0,"PickAndPay":0,"Revenue":-2867.62,"Invoice_Date":"2016-03-14","Article_Number":"180280","Article_Name":"CONNECTING WIRE FOR BELT T 1,5 \/12 METER","Order_Form_ID":"fc7ee5f3774037b1de3c7941fa2daa5f"},{"Customer_Name":"B","Calendar_week":11,"Amount":-1.0,"PickAndPay":0,"Revenue":-23722.26,"Invoice_Date":"2016-03-14","Article_Number":"181300","Article_Name":"ROTARY STEAM JOINT R 1 1\/4\"","Order_Form_ID":"fc7ee5f3774037b1de3c7941fa2daa5f"},{"Customer_Name":"B","Calendar_week":11,"Amount":-3.0,"PickAndPay":0,"Revenue":-808.21,"Invoice_Date":"2016-03-14","Article_Number":"181300.02","Article_Name":"SEAL D116X99X2","Order_Form_ID":"fc7ee5f3774037b1de3c7941fa2daa5f"},{"Customer_Name":"B","Calendar_week":11,"Amount":-2.0,"PickAndPay":0,"Revenue":-3084.72,"Invoice_Date":"2016-03-14","Article_Number":"181302","Article_Name":"SEALING RING 89,1X59,7X19,5 MM","Order_Form_ID":"fc7ee5f3774037b1de3c7941fa2daa5f"},{"Customer_Name":"B","Calendar_week":11,"Amount":-12.0,"PickAndPay":0,"Revenue":-187.69,"Invoice_Date":"2016-03-14","Article_Number":"181817","Article_Name":"PLATE SPRING 40,0X20,4X1,00","Order_Form_ID":"fc7ee5f3774037b1de3c7941fa2daa5f"},{"Customer_Name":"B","Calendar_week":11,"Amount":-2.0,"PickAndPay":0,"Revenue":-625.46,"Invoice_Date":"2016-03-14","Article_Number":"199902","Article_Name":"CARBON PAPER 195X20,2-FACH","Order_Form_ID":"fc7ee5f3774037b1de3c7941fa2daa5f"},{"Customer_Name":"B","Calendar_week":11,"Amount":-2.0,"PickAndPay":0,"Revenue":-1954.98,"Invoice_Date":"2016-03-14","Article_Number":"237993900","Article_Name":"RADIAL SHAFT SEAL AS 60X75X8","Order_Form_ID":"fc7ee5f3774037b1de3c7941fa2daa5f"},{"Customer_Name":"B","Calendar_week":11,"Amount":-3.0,"PickAndPay":0,"Revenue":-1003.6,"Invoice_Date":"2016-03-14","Article_Number":"508777","Article_Name":"SEALING RING 50X99X2","Order_Form_ID":"fc7ee5f3774037b1de3c7941fa2daa5f"},{"Customer_Name":"B","Calendar_week":11,"Amount":-50.0,"PickAndPay":0,"Revenue":-8797.98,"Invoice_Date":"2016-03-14","Article_Number":"600700","Article_Name":"CONVEYOR BELT 80X 3","Order_Form_ID":"fc7ee5f3774037b1de3c7941fa2daa5f"},{"Customer_Name":"B","Calendar_week":11,"Amount":-4.0,"PickAndPay":0,"Revenue":-121.74,"Invoice_Date":"2016-03-14","Article_Number":"601236","Article_Name":"O-RING 6,00X1,50","Order_Form_ID":"fc7ee5f3774037b1de3c7941fa2daa5f"},{"Customer_Name":"B","Calendar_week":11,"Amount":-32.0,"PickAndPay":0,"Revenue":-14250.72,"Invoice_Date":"2016-03-14","Article_Number":"123052320","Article_Name":"NO-CRUSH-ROLLER 165X65X50","Order_Form_ID":"fc7ee5f3774037b1de3c7941fa2daa5f"},{"Customer_Name":"B","Calendar_week":11,"Amount":-3.0,"PickAndPay":0,"Revenue":-1003.6,"Invoice_Date":"2016-03-14","Article_Number":"128377700","Article_Name":"SPRING 60X3X18","Order_Form_ID":"fc7ee5f3774037b1de3c7941fa2daa5f"},{"Customer_Name":"B","Calendar_week":11,"Amount":-4.0,"PickAndPay":0,"Revenue":-251.17,"Invoice_Date":"2016-03-14","Article_Number":"118550500","Article_Name":"O-RING 90,00X2,00","Order_Form_ID":"fc7ee5f3774037b1de3c7941fa2daa5f"},{"Customer_Name":"B","Calendar_week":11,"Amount":-1.0,"PickAndPay":0,"Revenue":-9341.0,"Invoice_Date":"2016-03-14","Article_Number":"102441910","Article_Name":"COUPLING 58X30X160","Order_Form_ID":"fc7ee5f3774037b1de3c7941fa2daa5f"},{"Customer_Name":"B","Calendar_week":11,"Amount":-2.0,"PickAndPay":0,"Revenue":-890.65,"Invoice_Date":"2016-03-14","Article_Number":"105131800","Article_Name":"TOOTHED BELT 30X8X 880","Order_Form_ID":"fc7ee5f3774037b1de3c7941fa2daa5f"},{"Customer_Name":"B","Calendar_week":11,"Amount":-2.0,"PickAndPay":0,"Revenue":-110790.24,"Invoice_Date":"2016-03-14","Article_Number":"108057014","Article_Name":"SCRAPER LEDGE 2942LG","Order_Form_ID":"fc7ee5f3774037b1de3c7941fa2daa5f"},{"Customer_Name":"B","Calendar_week":11,"Amount":-1.0,"PickAndPay":0,"Revenue":-921.16,"Invoice_Date":"2016-03-14","Article_Number":"108143300","Article_Name":"COUPLING G 2\"","Order_Form_ID":"fc7ee5f3774037b1de3c7941fa2daa5f"},{"Customer_Name":"B","Calendar_week":11,"Amount":-1.0,"PickAndPay":0,"Revenue":-54.14,"Invoice_Date":"2016-03-14","Article_Number":"108143311","Article_Name":"SEAL GR. 2 1\/2\"","Order_Form_ID":"fc7ee5f3774037b1de3c7941fa2daa5f"},{"Customer_Name":"B","Calendar_week":11,"Amount":-4.0,"PickAndPay":0,"Revenue":-438.87,"Invoice_Date":"2016-03-14","Article_Number":"137653","Article_Name":"RADIAL SHAFT SEAL A  70,0X 90X10","Order_Form_ID":"fc7ee5f3774037b1de3c7941fa2daa5f"},{"Customer_Name":"B","Calendar_week":11,"Amount":-4.0,"PickAndPay":0,"Revenue":-251.17,"Invoice_Date":"2016-03-14","Article_Number":"137663","Article_Name":"RADIAL SHAFT SEAL A  80,0X100X10","Order_Form_ID":"fc7ee5f3774037b1de3c7941fa2daa5f"},{"Customer_Name":"B","Calendar_week":11,"Amount":-4.0,"PickAndPay":0,"Revenue":-512.79,"Invoice_Date":"2016-03-14","Article_Number":"158530200","Article_Name":"TOOTHED BELT HTD 15X5X425","Order_Form_ID":"fc7ee5f3774037b1de3c7941fa2daa5f"},{"Customer_Name":"B","Calendar_week":11,"Amount":-2.0,"PickAndPay":0,"Revenue":-3779.98,"Invoice_Date":"2016-03-14","Article_Number":"163600428","Article_Name":"SCRAPER BLADE 2860X50X1,5","Order_Form_ID":"fc7ee5f3774037b1de3c7941fa2daa5f"},{"Customer_Name":"B","Calendar_week":11,"Amount":-2.0,"PickAndPay":0,"Revenue":-4301.3,"Invoice_Date":"2016-03-14","Article_Number":"163600457","Article_Name":"SCRAPER BLADE 2860X50X1,5","Order_Form_ID":"fc7ee5f3774037b1de3c7941fa2daa5f"},{"Customer_Name":"B","Calendar_week":11,"Amount":-4.0,"PickAndPay":0,"Revenue":-2328.72,"Invoice_Date":"2016-03-14","Article_Number":"328100","Article_Name":"SCRAPER 3X80X75X2","Order_Form_ID":"fc7ee5f3774037b1de3c7941fa2daa5f"},{"Customer_Name":"B","Calendar_week":11,"Amount":-2.0,"PickAndPay":0,"Revenue":-4431.55,"Invoice_Date":"2016-03-14","Article_Number":"106136300","Article_Name":"CONNECTING WIRE FOR BELT 1,4X4","Order_Form_ID":"fc7ee5f3774037b1de3c7941fa2daa5f"},{"Customer_Name":"B","Calendar_week":11,"Amount":-1.0,"PickAndPay":0,"Revenue":-62.93,"Invoice_Date":"2016-03-14","Article_Number":"114779700","Article_Name":"V-RING 90  X 9,0","Order_Form_ID":"fc7ee5f3774037b1de3c7941fa2daa5f"},{"Customer_Name":"B","Calendar_week":11,"Amount":-1.0,"PickAndPay":0,"Revenue":-62.93,"Invoice_Date":"2016-03-14","Article_Number":"118550500","Article_Name":"O-RING 90,00X2,00","Order_Form_ID":"fc7ee5f3774037b1de3c7941fa2daa5f"},{"Customer_Name":"B","Calendar_week":11,"Amount":-2.0,"PickAndPay":0,"Revenue":-125.59,"Invoice_Date":"2016-03-14","Article_Number":"122356100","Article_Name":"FLAT PACKING 1\"","Order_Form_ID":"fc7ee5f3774037b1de3c7941fa2daa5f"},{"Customer_Name":"B","Calendar_week":11,"Amount":-1.0,"PickAndPay":0,"Revenue":-3106.43,"Invoice_Date":"2016-03-14","Article_Number":"124239103","Article_Name":"STEAM HOSE DN25X550","Order_Form_ID":"fc7ee5f3774037b1de3c7941fa2daa5f"},{"Customer_Name":"B","Calendar_week":11,"Amount":-2.0,"PickAndPay":0,"Revenue":-60.73,"Invoice_Date":"2016-03-14","Article_Number":"150011","Article_Name":"FLAT PACKING 3\/4\"\/ 27X38X2","Order_Form_ID":"fc7ee5f3774037b1de3c7941fa2daa5f"},{"Customer_Name":"B","Calendar_week":11,"Amount":-2.0,"PickAndPay":0,"Revenue":-60.73,"Invoice_Date":"2016-03-14","Article_Number":"150015","Article_Name":"FLAT PACKING 41X55X2","Order_Form_ID":"fc7ee5f3774037b1de3c7941fa2daa5f"},{"Customer_Name":"B","Calendar_week":11,"Amount":-1.0,"PickAndPay":0,"Revenue":-62.93,"Invoice_Date":"2016-03-14","Article_Number":"150343","Article_Name":"SEALING RING 38,0X46,0X2,0","Order_Form_ID":"fc7ee5f3774037b1de3c7941fa2daa5f"},{"Customer_Name":"B","Calendar_week":11,"Amount":-2.0,"PickAndPay":0,"Revenue":-60.73,"Invoice_Date":"2016-03-14","Article_Number":"112827900","Article_Name":"O-RING 93,00X4,00","Order_Form_ID":"fc7ee5f3774037b1de3c7941fa2daa5f"},{"Customer_Name":"B","Calendar_week":11,"Amount":-8.0,"PickAndPay":0,"Revenue":-3562.61,"Invoice_Date":"2016-03-14","Article_Number":"123052310","Article_Name":"NO-CRUSH-ROLLER 165X65X50","Order_Form_ID":"fc7ee5f3774037b1de3c7941fa2daa5f"},{"Customer_Name":"B","Calendar_week":11,"Amount":-4.0,"PickAndPay":0,"Revenue":-251.17,"Invoice_Date":"2016-03-14","Article_Number":"137621300","Article_Name":"METAL-RUBBER-BUFFER D15X15-M4X10","Order_Form_ID":"fc7ee5f3774037b1de3c7941fa2daa5f"},{"Customer_Name":"B","Calendar_week":11,"Amount":-2.0,"PickAndPay":0,"Revenue":-212.7,"Invoice_Date":"2016-03-14","Article_Number":"159262","Article_Name":"BUSH 30X 34X 20","Order_Form_ID":"fc7ee5f3774037b1de3c7941fa2daa5f"},{"Customer_Name":"B","Calendar_week":11,"Amount":-1.0,"PickAndPay":0,"Revenue":-334.44,"Invoice_Date":"2016-03-14","Article_Number":"185620","Article_Name":"TOOTHED BELT HTD 30X8X640","Order_Form_ID":"fc7ee5f3774037b1de3c7941fa2daa5f"},{"Customer_Name":"B","Calendar_week":11,"Amount":-2.0,"PickAndPay":0,"Revenue":-808.21,"Invoice_Date":"2016-03-14","Article_Number":"101641600","Article_Name":"TOOTHED BELT HTD 18X 5X 700","Order_Form_ID":"fc7ee5f3774037b1de3c7941fa2daa5f"},{"Customer_Name":"B","Calendar_week":11,"Amount":-20.0,"PickAndPay":0,"Revenue":-86459.84,"Invoice_Date":"2016-03-14","Article_Number":"105303965","Article_Name":"DISC CUT KNIFE 240X1,2\/0,35MM,20°","Order_Form_ID":"fc7ee5f3774037b1de3c7941fa2daa5f"},{"Customer_Name":"B","Calendar_week":11,"Amount":-32.0,"PickAndPay":0,"Revenue":-34062.46,"Invoice_Date":"2016-03-14","Article_Number":"105406991","Article_Name":"GRINDING WHEEL 50X11X19MM","Order_Form_ID":"fc7ee5f3774037b1de3c7941fa2daa5f"},{"Customer_Name":"B","Calendar_week":11,"Amount":-14.0,"PickAndPay":0,"Revenue":-34366.67,"Invoice_Date":"2016-03-14","Article_Number":"105407210","Article_Name":"TOOTHED BELT 29,5X 8X 640","Order_Form_ID":"fc7ee5f3774037b1de3c7941fa2daa5f"},{"Customer_Name":"B","Calendar_week":11,"Amount":-150.0,"PickAndPay":0,"Revenue":-2280.91,"Invoice_Date":"2016-03-14","Article_Number":"107254210","Article_Name":"FELT 46X35X10MM","Order_Form_ID":"fc7ee5f3774037b1de3c7941fa2daa5f"},{"Customer_Name":"B","Calendar_week":11,"Amount":-4.0,"PickAndPay":0,"Revenue":-438.87,"Invoice_Date":"2016-03-14","Article_Number":"116247600","Article_Name":"BELLOWS 40X17; GUMMI","Order_Form_ID":"fc7ee5f3774037b1de3c7941fa2daa5f"},{"Customer_Name":"B","Calendar_week":11,"Amount":-2.0,"PickAndPay":0,"Revenue":-1212.18,"Invoice_Date":"2016-03-14","Article_Number":"117712402","Article_Name":"TOOTHED BELT GT 40X 8X 720","Order_Form_ID":"fc7ee5f3774037b1de3c7941fa2daa5f"},{"Customer_Name":"B","Calendar_week":11,"Amount":-4.0,"PickAndPay":0,"Revenue":-251.17,"Invoice_Date":"2016-03-14","Article_Number":"120117200","Article_Name":"O-RING 9,25X1,78","Order_Form_ID":"fc7ee5f3774037b1de3c7941fa2daa5f"},{"Customer_Name":"B","Calendar_week":11,"Amount":-7.0,"PickAndPay":0,"Revenue":-2417.76,"Invoice_Date":"2016-03-14","Article_Number":"122745002","Article_Name":"TOOTHED BELT 30X 5X 575","Order_Form_ID":"fc7ee5f3774037b1de3c7941fa2daa5f"},{"Customer_Name":"B","Calendar_week":11,"Amount":-4.0,"PickAndPay":0,"Revenue":-886.26,"Invoice_Date":"2016-03-14","Article_Number":"122745003","Article_Name":"TOOTHED BELT HTD 25X 5X 375","Order_Form_ID":"fc7ee5f3774037b1de3c7941fa2daa5f"},{"Customer_Name":"B","Calendar_week":11,"Amount":-8.0,"PickAndPay":0,"Revenue":-3319.13,"Invoice_Date":"2016-03-14","Article_Number":"123584901","Article_Name":"BOLT RD.8 148LG.","Order_Form_ID":"fc7ee5f3774037b1de3c7941fa2daa5f"},{"Customer_Name":"B","Calendar_week":11,"Amount":-1.0,"PickAndPay":0,"Revenue":-964.58,"Invoice_Date":"2016-03-14","Article_Number":"126054505","Article_Name":"TOOTHED BELT GT 30X 8X2000","Order_Form_ID":"fc7ee5f3774037b1de3c7941fa2daa5f"},{"Customer_Name":"B","Calendar_week":11,"Amount":-10.0,"PickAndPay":0,"Revenue":-43229.78,"Invoice_Date":"2016-03-14","Article_Number":"126292402","Article_Name":"BRUSH ROLL SEGMENT 300X203X216MM","Order_Form_ID":"fc7ee5f3774037b1de3c7941fa2daa5f"},{"Customer_Name":"B","Calendar_week":11,"Amount":-2.0,"PickAndPay":0,"Revenue":-2346.04,"Invoice_Date":"2016-03-14","Article_Number":"131209700","Article_Name":"TOOTHED BELT GT 50X 8X1760","Order_Form_ID":"fc7ee5f3774037b1de3c7941fa2daa5f"},{"Customer_Name":"B","Calendar_week":11,"Amount":-12.0,"PickAndPay":0,"Revenue":-753.25,"Invoice_Date":"2016-03-14","Article_Number":"137621300","Article_Name":"METAL-RUBBER-BUFFER D15X15-M4X10","Order_Form_ID":"fc7ee5f3774037b1de3c7941fa2daa5f"},{"Customer_Name":"B","Calendar_week":11,"Amount":-1.0,"PickAndPay":0,"Revenue":-1933.27,"Invoice_Date":"2016-03-14","Article_Number":"148187700","Article_Name":"TOOTHED BELT GT 85X 8X1600","Order_Form_ID":"fc7ee5f3774037b1de3c7941fa2daa5f"},{"Customer_Name":"B","Calendar_week":11,"Amount":-5.0,"PickAndPay":0,"Revenue":-1108.03,"Invoice_Date":"2016-03-14","Article_Number":"150901500","Article_Name":"NILOS RING 117,5X80X3","Order_Form_ID":"fc7ee5f3774037b1de3c7941fa2daa5f"},{"Customer_Name":"B","Calendar_week":11,"Amount":-1.0,"PickAndPay":0,"Revenue":-221.77,"Invoice_Date":"2016-03-14","Article_Number":"158530220","Article_Name":"TOOTHED BELT HTD 15X 3X 645","Order_Form_ID":"fc7ee5f3774037b1de3c7941fa2daa5f"},{"Customer_Name":"B","Calendar_week":11,"Amount":-4.0,"PickAndPay":0,"Revenue":-4040.5,"Invoice_Date":"2016-03-14","Article_Number":"161790600","Article_Name":"BELLOWS D35\/D84X207,3","Order_Form_ID":"fc7ee5f3774037b1de3c7941fa2daa5f"},{"Customer_Name":"B","Calendar_week":11,"Amount":-2.0,"PickAndPay":0,"Revenue":-60.73,"Invoice_Date":"2016-03-14","Article_Number":"601236","Article_Name":"O-RING 6,00X1,50","Order_Form_ID":"fc7ee5f3774037b1de3c7941fa2daa5f"},{"Customer_Name":"B","Calendar_week":11,"Amount":-28.0,"PickAndPay":0,"Revenue":-12469.42,"Invoice_Date":"2016-03-14","Article_Number":"123052310","Article_Name":"NO-CRUSH-ROLLER 165X65X50","Order_Form_ID":"fc7ee5f3774037b1de3c7941fa2daa5f"},{"Customer_Name":"B","Calendar_week":11,"Amount":-27.0,"PickAndPay":0,"Revenue":-1695.02,"Invoice_Date":"2016-03-14","Article_Number":"123596200","Article_Name":"SPACER RING L49XID70XW4","Order_Form_ID":"fc7ee5f3774037b1de3c7941fa2daa5f"},{"Customer_Name":"B","Calendar_week":11,"Amount":-1.0,"PickAndPay":0,"Revenue":-445.19,"Invoice_Date":"2016-03-14","Article_Number":"185951","Article_Name":"TOOTHED BELT HTD 30X 8X1120","Order_Form_ID":"fc7ee5f3774037b1de3c7941fa2daa5f"},{"Customer_Name":"B","Calendar_week":11,"Amount":-2.0,"PickAndPay":0,"Revenue":-1303.41,"Invoice_Date":"2016-03-14","Article_Number":"100272511","Article_Name":"SPRING ELEMENT 38","Order_Form_ID":"fc7ee5f3774037b1de3c7941fa2daa5f"},{"Customer_Name":"B","Calendar_week":11,"Amount":-2.0,"PickAndPay":0,"Revenue":-1651.05,"Invoice_Date":"2016-03-14","Article_Number":"105450501","Article_Name":"TOOTHED BELT GT 30X 8X1440","Order_Form_ID":"fc7ee5f3774037b1de3c7941fa2daa5f"},{"Customer_Name":"B","Calendar_week":11,"Amount":-4.0,"PickAndPay":0,"Revenue":-121.74,"Invoice_Date":"2016-03-14","Article_Number":"112827900","Article_Name":"O-RING 93,00X4,00","Order_Form_ID":"fc7ee5f3774037b1de3c7941fa2daa5f"},{"Customer_Name":"B","Calendar_week":11,"Amount":-4.0,"PickAndPay":0,"Revenue":-1694.47,"Invoice_Date":"2016-03-14","Article_Number":"117712401","Article_Name":"TOOTHED BELT GT 30X8X720","Order_Form_ID":"fc7ee5f3774037b1de3c7941fa2daa5f"},{"Customer_Name":"B","Calendar_week":11,"Amount":-156.0,"PickAndPay":0,"Revenue":-9793.88,"Invoice_Date":"2016-03-14","Article_Number":"123596200","Article_Name":"SPACER RING L49XID70XW4","Order_Form_ID":"fc7ee5f3774037b1de3c7941fa2daa5f"},{"Customer_Name":"B","Calendar_week":11,"Amount":-168.0,"PickAndPay":0,"Revenue":-72626.27,"Invoice_Date":"2016-03-14","Article_Number":"136481820","Article_Name":"NO-CRUSH-ROLLER 180X65X50","Order_Form_ID":"fc7ee5f3774037b1de3c7941fa2daa5f"},{"Customer_Name":"B","Calendar_week":11,"Amount":-8.0,"PickAndPay":0,"Revenue":-502.07,"Invoice_Date":"2016-03-14","Article_Number":"137621300","Article_Name":"METAL-RUBBER-BUFFER D15X15-M4X10","Order_Form_ID":"fc7ee5f3774037b1de3c7941fa2daa5f"},{"Customer_Name":"B","Calendar_week":11,"Amount":-6.0,"PickAndPay":0,"Revenue":-2593.64,"Invoice_Date":"2016-03-14","Article_Number":"240585801","Article_Name":"SEAL 20X20X100","Order_Form_ID":"fc7ee5f3774037b1de3c7941fa2daa5f"},{"Customer_Name":"B","Calendar_week":11,"Amount":-1.0,"PickAndPay":0,"Revenue":-116699.17,"Invoice_Date":"2016-03-14","Article_Number":"151128604","Article_Name":"BHS KNIFE SET WW2800","Order_Form_ID":"fc7ee5f3774037b1de3c7941fa2daa5f"},{"Customer_Name":"B","Calendar_week":11,"Amount":-1.0,"PickAndPay":0,"Revenue":-7581.4,"Invoice_Date":"2016-03-14","Article_Number":"109704902","Article_Name":"SET OF SEALS","Order_Form_ID":"fc7ee5f3774037b1de3c7941fa2daa5f"},{"Customer_Name":"B","Calendar_week":11,"Amount":-1.0,"PickAndPay":0,"Revenue":-803.81,"Invoice_Date":"2016-03-14","Article_Number":"109705003","Article_Name":"STRAINER","Order_Form_ID":"fc7ee5f3774037b1de3c7941fa2daa5f"},{"Customer_Name":"B","Calendar_week":11,"Amount":-25.0,"PickAndPay":0,"Revenue":-15152.09,"Invoice_Date":"2016-03-14","Article_Number":"116904600","Article_Name":"COLOUR FOR BOARD MARKING QUAL.NR.7100-93","Order_Form_ID":"fc7ee5f3774037b1de3c7941fa2daa5f"},{"Customer_Name":"B","Calendar_week":11,"Amount":-2.0,"PickAndPay":0,"Revenue":-4301.3,"Invoice_Date":"2016-03-14","Article_Number":"254477000","Article_Name":"FELT TAPE 35X8X170","Order_Form_ID":"fc7ee5f3774037b1de3c7941fa2daa5f"},{"Customer_Name":"B","Calendar_week":11,"Amount":-1.0,"PickAndPay":0,"Revenue":-5105.11,"Invoice_Date":"2016-03-14","Article_Number":"105207600","Article_Name":"TOOTHED BELT AT 50X10X2240","Order_Form_ID":"fc7ee5f3774037b1de3c7941fa2daa5f"},{"Customer_Name":"B","Calendar_week":11,"Amount":-32.0,"PickAndPay":0,"Revenue":-14250.72,"Invoice_Date":"2016-03-14","Article_Number":"123052310","Article_Name":"NO-CRUSH-ROLLER 165X65X50","Order_Form_ID":"fc7ee5f3774037b1de3c7941fa2daa5f"},{"Customer_Name":"B","Calendar_week":11,"Amount":-1.0,"PickAndPay":0,"Revenue":-50724.62,"Invoice_Date":"2016-03-14","Article_Number":"124725639","Article_Name":"FILTER ELEMENT","Order_Form_ID":"fc7ee5f3774037b1de3c7941fa2daa5f"},{"Customer_Name":"B","Calendar_week":11,"Amount":-2.0,"PickAndPay":0,"Revenue":-4040.5,"Invoice_Date":"2016-03-14","Article_Number":"125230600","Article_Name":"PNEUMATIC CYLINDER 32X100-G1\/8 DW","Order_Form_ID":"fc7ee5f3774037b1de3c7941fa2daa5f"},{"Customer_Name":"B","Calendar_week":11,"Amount":-2.0,"PickAndPay":0,"Revenue":-668.88,"Invoice_Date":"2016-03-14","Article_Number":"128377700","Article_Name":"SPRING 60X3X18","Order_Form_ID":"fc7ee5f3774037b1de3c7941fa2daa5f"},{"Customer_Name":"B","Calendar_week":11,"Amount":-2.0,"PickAndPay":0,"Revenue":-668.88,"Invoice_Date":"2016-03-14","Article_Number":"140639700","Article_Name":"TOOTHED WHEEL RD144\/25","Order_Form_ID":"fc7ee5f3774037b1de3c7941fa2daa5f"},{"Customer_Name":"B","Calendar_week":11,"Amount":-42.0,"PickAndPay":0,"Revenue":-70254.13,"Invoice_Date":"2016-03-14","Article_Number":"144934001","Article_Name":"EXPANDED RUBBER DISK D 335 MM","Order_Form_ID":"fc7ee5f3774037b1de3c7941fa2daa5f"},{"Customer_Name":"B","Calendar_week":11,"Amount":-1.0,"PickAndPay":0,"Revenue":-13620.59,"Invoice_Date":"2016-03-14","Article_Number":"148962901","Article_Name":"BELT 110X 2780X 5","Order_Form_ID":"fc7ee5f3774037b1de3c7941fa2daa5f"},{"Customer_Name":"B","Calendar_week":11,"Amount":-1.0,"PickAndPay":0,"Revenue":-4301.3,"Invoice_Date":"2016-03-14","Article_Number":"149786200","Article_Name":"TOOTHED BELT 5200X50  KL4200","Order_Form_ID":"fc7ee5f3774037b1de3c7941fa2daa5f"},{"Customer_Name":"B","Calendar_week":11,"Amount":-7.0,"PickAndPay":0,"Revenue":-439.42,"Invoice_Date":"2016-03-14","Article_Number":"177504","Article_Name":"ROPE D 4MM","Order_Form_ID":"fc7ee5f3774037b1de3c7941fa2daa5f"},{"Customer_Name":"B","Calendar_week":11,"Amount":-1.0,"PickAndPay":0,"Revenue":-3606.03,"Invoice_Date":"2016-03-14","Article_Number":"179080600","Article_Name":"TOOTHED BELT 4550X50  KL3600","Order_Form_ID":"fc7ee5f3774037b1de3c7941fa2daa5f"},{"Customer_Name":"B","Calendar_week":11,"Amount":-2.0,"PickAndPay":0,"Revenue":-5734.97,"Invoice_Date":"2016-03-14","Article_Number":"180280","Article_Name":"CONNECTING WIRE FOR BELT T 1,5 \/12 METER","Order_Form_ID":"fc7ee5f3774037b1de3c7941fa2daa5f"},{"Customer_Name":"B","Calendar_week":11,"Amount":-2.0,"PickAndPay":0,"Revenue":-7863.91,"Invoice_Date":"2016-03-14","Article_Number":"182384600","Article_Name":"TOOTHED BELT 50 AT10\/2000","Order_Form_ID":"fc7ee5f3774037b1de3c7941fa2daa5f"},{"Customer_Name":"B","Calendar_week":11,"Amount":-25.0,"PickAndPay":0,"Revenue":-10590.0,"Invoice_Date":"2016-03-14","Article_Number":"182602000","Article_Name":"NAP FOIL 50 MM BR\/25 M","Order_Form_ID":"fc7ee5f3774037b1de3c7941fa2daa5f"},{"Customer_Name":"B","Calendar_week":11,"Amount":-4.0,"PickAndPay":0,"Revenue":-1381.73,"Invoice_Date":"2016-03-14","Article_Number":"240318601","Article_Name":"LUBRICATING BRUSH 40X30X20 G1\/4I","Order_Form_ID":"fc7ee5f3774037b1de3c7941fa2daa5f"},{"Customer_Name":"B","Calendar_week":11,"Amount":-2.0,"PickAndPay":0,"Revenue":-3953.66,"Invoice_Date":"2016-03-14","Article_Number":"240692500","Article_Name":"TOOTHED BELT AT 50X10X1480","Order_Form_ID":"fc7ee5f3774037b1de3c7941fa2daa5f"},{"Customer_Name":"B","Calendar_week":11,"Amount":-1.0,"PickAndPay":0,"Revenue":-955.78,"Invoice_Date":"2016-03-14","Article_Number":"601135","Article_Name":"GLUE 1PC=1L","Order_Form_ID":"fc7ee5f3774037b1de3c7941fa2daa5f"},{"Customer_Name":"B","Calendar_week":11,"Amount":-2.0,"PickAndPay":0,"Revenue":-1998.68,"Invoice_Date":"2016-03-14","Article_Number":"103101800","Article_Name":"ELECTRONIC COMPONENT I10-53 Q4,5-48 VDC","Order_Form_ID":"fc7ee5f3774037b1de3c7941fa2daa5f"},{"Customer_Name":"B","Calendar_week":11,"Amount":-1.0,"PickAndPay":0,"Revenue":-4670.64,"Invoice_Date":"2016-03-14","Article_Number":"103379420","Article_Name":"PROXIMITY SWITCH 10-30V,DC200MA","Order_Form_ID":"fc7ee5f3774037b1de3c7941fa2daa5f"},{"Customer_Name":"B","Calendar_week":11,"Amount":-1.0,"PickAndPay":0,"Revenue":-25090.8,"Invoice_Date":"2016-03-14","Article_Number":"104944916","Article_Name":"LIFTING CYLINDER 24VDC\/ 60MM HUB","Order_Form_ID":"fc7ee5f3774037b1de3c7941fa2daa5f"},{"Customer_Name":"B","Calendar_week":11,"Amount":-1.0,"PickAndPay":0,"Revenue":-2128.94,"Invoice_Date":"2016-03-14","Article_Number":"106363800","Article_Name":"LIGHT BARRIER 10-30 VDC","Order_Form_ID":"fc7ee5f3774037b1de3c7941fa2daa5f"},{"Customer_Name":"B","Calendar_week":11,"Amount":-1.0,"PickAndPay":0,"Revenue":-2128.94,"Invoice_Date":"2016-03-14","Article_Number":"106363900","Article_Name":"LIGHT BARRIER SENDER","Order_Form_ID":"fc7ee5f3774037b1de3c7941fa2daa5f"},{"Customer_Name":"B","Calendar_week":11,"Amount":-1.0,"PickAndPay":0,"Revenue":-6212.86,"Invoice_Date":"2016-03-14","Article_Number":"107969300","Article_Name":"EMERGENCY STOP MODULE 24VDC\/220VAC","Order_Form_ID":"fc7ee5f3774037b1de3c7941fa2daa5f"},{"Customer_Name":"B","Calendar_week":11,"Amount":-1.0,"PickAndPay":0,"Revenue":-17856.75,"Invoice_Date":"2016-03-14","Article_Number":"109411002","Article_Name":"PULSE DISTRIBUTOR IV30","Order_Form_ID":"fc7ee5f3774037b1de3c7941fa2daa5f"},{"Customer_Name":"B","Calendar_week":11,"Amount":-1.0,"PickAndPay":0,"Revenue":-4909.45,"Invoice_Date":"2016-03-14","Article_Number":"110463301","Article_Name":"PROXIMITY SWITCH M18 5MM 10-65VDC 200MA","Order_Form_ID":"fc7ee5f3774037b1de3c7941fa2daa5f"},{"Customer_Name":"B","Calendar_week":11,"Amount":-1.0,"PickAndPay":0,"Revenue":-7190.63,"Invoice_Date":"2016-03-14","Article_Number":"112314200","Article_Name":"LIGHT BARRIER 5-500MM","Order_Form_ID":"fc7ee5f3774037b1de3c7941fa2daa5f"},{"Customer_Name":"B","Calendar_week":11,"Amount":-1.0,"PickAndPay":0,"Revenue":-57545.63,"Invoice_Date":"2016-03-14","Article_Number":"112315600","Article_Name":"NEGATIVE FEEDER UNIT 45A","Order_Form_ID":"fc7ee5f3774037b1de3c7941fa2daa5f"},{"Customer_Name":"B","Calendar_week":11,"Amount":-1.0,"PickAndPay":0,"Revenue":-29696.03,"Invoice_Date":"2016-03-14","Article_Number":"112614200","Article_Name":"CONVERTER 24 VDC","Order_Form_ID":"fc7ee5f3774037b1de3c7941fa2daa5f"},{"Customer_Name":"B","Calendar_week":11,"Amount":-1.0,"PickAndPay":0,"Revenue":-19029.91,"Invoice_Date":"2016-03-14","Article_Number":"118190803","Article_Name":"RESISTOR 3X20 OHM\/1,2KW","Order_Form_ID":"fc7ee5f3774037b1de3c7941fa2daa5f"},{"Customer_Name":"B","Calendar_week":11,"Amount":-1.0,"PickAndPay":0,"Revenue":-37820.73,"Invoice_Date":"2016-03-14","Article_Number":"119517715","Article_Name":"SERVO CONTROLLER 10A\/380V-480V\/6,9KW","Order_Form_ID":"fc7ee5f3774037b1de3c7941fa2daa5f"},{"Customer_Name":"B","Calendar_week":11,"Amount":-1.0,"PickAndPay":0,"Revenue":-32172.6,"Invoice_Date":"2016-03-14","Article_Number":"119517717","Article_Name":"SERVO CONTROLLER 1,5A\/380V-480V\/1,1KW","Order_Form_ID":"fc7ee5f3774037b1de3c7941fa2daa5f"},{"Customer_Name":"B","Calendar_week":11,"Amount":-2.0,"PickAndPay":0,"Revenue":-7690.23,"Invoice_Date":"2016-03-14","Article_Number":"119814002","Article_Name":"LIMIT SWITCH SCHARNIER 3Ö","Order_Form_ID":"fc7ee5f3774037b1de3c7941fa2daa5f"},{"Customer_Name":"B","Calendar_week":11,"Amount":-1.0,"PickAndPay":0,"Revenue":-32693.91,"Invoice_Date":"2016-03-14","Article_Number":"119962001","Article_Name":"DYNAMOMETRIC TRANSDUCER D46X28\/50KN","Order_Form_ID":"fc7ee5f3774037b1de3c7941fa2daa5f"},{"Customer_Name":"B","Calendar_week":11,"Amount":-1.0,"PickAndPay":0,"Revenue":-1976.97,"Invoice_Date":"2016-03-14","Article_Number":"127465400","Article_Name":"LIMIT SWITCH 2Ö\/1S","Order_Form_ID":"fc7ee5f3774037b1de3c7941fa2daa5f"},{"Customer_Name":"B","Calendar_week":11,"Amount":-1.0,"PickAndPay":0,"Revenue":-5409.05,"Invoice_Date":"2016-03-14","Article_Number":"127811010","Article_Name":"METERING UNIT S7\/ET200S\/1COUNT 5V\/500KH","Order_Form_ID":"fc7ee5f3774037b1de3c7941fa2daa5f"},{"Customer_Name":"B","Calendar_week":11,"Amount":-1.0,"PickAndPay":0,"Revenue":-7516.28,"Invoice_Date":"2016-03-14","Article_Number":"127811022","Article_Name":"MODULE IM151-3","Order_Form_ID":"fc7ee5f3774037b1de3c7941fa2daa5f"},{"Customer_Name":"B","Calendar_week":11,"Amount":-2.0,"PickAndPay":0,"Revenue":-668.88,"Invoice_Date":"2016-03-14","Article_Number":"127811031","Article_Name":"MODULE S7\/ET200S\/24VDC\/POWER","Order_Form_ID":"fc7ee5f3774037b1de3c7941fa2daa5f"},{"Customer_Name":"B","Calendar_week":11,"Amount":-2.0,"PickAndPay":0,"Revenue":-668.88,"Invoice_Date":"2016-03-14","Article_Number":"127811032","Article_Name":"MODULE 2*6 KLEMMEN","Order_Form_ID":"fc7ee5f3774037b1de3c7941fa2daa5f"},{"Customer_Name":"B","Calendar_week":11,"Amount":-2.0,"PickAndPay":0,"Revenue":-442.99,"Invoice_Date":"2016-03-14","Article_Number":"127811040","Article_Name":"SUB-RACK S7\/ET200S\/DE-DA-AO-AI","Order_Form_ID":"fc7ee5f3774037b1de3c7941fa2daa5f"},{"Customer_Name":"B","Calendar_week":11,"Amount":-1.0,"PickAndPay":0,"Revenue":-3432.35,"Invoice_Date":"2016-03-14","Article_Number":"127811041","Article_Name":"ANALOG INPUT\/OUTPUT 2AI","Order_Form_ID":"fc7ee5f3774037b1de3c7941fa2daa5f"},{"Customer_Name":"B","Calendar_week":11,"Amount":-1.0,"PickAndPay":0,"Revenue":-3432.35,"Invoice_Date":"2016-03-14","Article_Number":"127811042","Article_Name":"ANALOG INPUT\/OUTPUT S7\/ET200S\/2*AA\/+-10V","Order_Form_ID":"fc7ee5f3774037b1de3c7941fa2daa5f"},{"Customer_Name":"B","Calendar_week":11,"Amount":-1.0,"PickAndPay":0,"Revenue":-3454.06,"Invoice_Date":"2016-03-14","Article_Number":"127811043","Article_Name":"ANALOG INPUT\/OUTPUT S7\/ET200S\/2*AI\/4DMU","Order_Form_ID":"fc7ee5f3774037b1de3c7941fa2daa5f"},{"Customer_Name":"B","Calendar_week":11,"Amount":-2.0,"PickAndPay":0,"Revenue":-1346.83,"Invoice_Date":"2016-03-14","Article_Number":"127811050","Article_Name":"MODULE S7\/ET200S\/4DI DC24V","Order_Form_ID":"fc7ee5f3774037b1de3c7941fa2daa5f"},{"Customer_Name":"B","Calendar_week":11,"Amount":-1.0,"PickAndPay":0,"Revenue":-1009.92,"Invoice_Date":"2016-03-14","Article_Number":"127811051","Article_Name":"MODULE","Order_Form_ID":"fc7ee5f3774037b1de3c7941fa2daa5f"},{"Customer_Name":"B","Calendar_week":11,"Amount":-2.0,"PickAndPay":0,"Revenue":-4431.55,"Invoice_Date":"2016-03-14","Article_Number":"127811052","Article_Name":"DIGITAL IN\/OUTPUT","Order_Form_ID":"fc7ee5f3774037b1de3c7941fa2daa5f"},{"Customer_Name":"B","Calendar_week":11,"Amount":-2.0,"PickAndPay":0,"Revenue":-1824.73,"Invoice_Date":"2016-03-14","Article_Number":"127811060","Article_Name":"MODULE S7\/ET200S\/4DO DC24V\/0,5A","Order_Form_ID":"fc7ee5f3774037b1de3c7941fa2daa5f"},{"Customer_Name":"B","Calendar_week":11,"Amount":-2.0,"PickAndPay":0,"Revenue":-4083.92,"Invoice_Date":"2016-03-14","Article_Number":"127811061","Article_Name":"MODULE 4DO","Order_Form_ID":"fc7ee5f3774037b1de3c7941fa2daa5f"},{"Customer_Name":"B","Calendar_week":11,"Amount":-2.0,"PickAndPay":0,"Revenue":-2693.67,"Invoice_Date":"2016-03-14","Article_Number":"127811062","Article_Name":"DIGITAL IN\/OUTPUT","Order_Form_ID":"fc7ee5f3774037b1de3c7941fa2daa5f"},{"Customer_Name":"B","Calendar_week":11,"Amount":-2.0,"PickAndPay":0,"Revenue":-668.88,"Invoice_Date":"2016-03-14","Article_Number":"127811070","Article_Name":"SUB-RACK S7\/ET200S\/24VDC\/POWER","Order_Form_ID":"fc7ee5f3774037b1de3c7941fa2daa5f"},{"Customer_Name":"B","Calendar_week":11,"Amount":-1.0,"PickAndPay":0,"Revenue":-6756.16,"Invoice_Date":"2016-03-14","Article_Number":"129605200","Article_Name":"DIGITAL IN\/OUTPUT DO16","Order_Form_ID":"fc7ee5f3774037b1de3c7941fa2daa5f"},{"Customer_Name":"B","Calendar_week":11,"Amount":-2.0,"PickAndPay":0,"Revenue":-668.88,"Invoice_Date":"2016-03-14","Article_Number":"130343910","Article_Name":"PROXIMITY SWITCH 10-30VDC;PNP;M8","Order_Form_ID":"fc7ee5f3774037b1de3c7941fa2daa5f"},{"Customer_Name":"B","Calendar_week":11,"Amount":-1.0,"PickAndPay":0,"Revenue":-5691.55,"Invoice_Date":"2016-03-14","Article_Number":"155470300","Article_Name":"EMERGENCY STOP MODULE 2I\/2Q","Order_Form_ID":"fc7ee5f3774037b1de3c7941fa2daa5f"},{"Customer_Name":"B","Calendar_week":11,"Amount":-1.0,"PickAndPay":0,"Revenue":-4409.84,"Invoice_Date":"2016-03-14","Article_Number":"155470310","Article_Name":"EMERGENCY STOP MODULE 8I\/24 VDC","Order_Form_ID":"fc7ee5f3774037b1de3c7941fa2daa5f"},{"Customer_Name":"B","Calendar_week":11,"Amount":-1.0,"PickAndPay":0,"Revenue":-4409.84,"Invoice_Date":"2016-03-14","Article_Number":"155470311","Article_Name":"EMERGENCY STOP MODULE 24 VDC 5I\/1I","Order_Form_ID":"fc7ee5f3774037b1de3c7941fa2daa5f"},{"Customer_Name":"B","Calendar_week":11,"Amount":-1.0,"PickAndPay":0,"Revenue":-2541.7,"Invoice_Date":"2016-03-14","Article_Number":"155470320","Article_Name":"EMERGENCY STOP MODULE 24VDC 4Q","Order_Form_ID":"fc7ee5f3774037b1de3c7941fa2daa5f"},{"Customer_Name":"B","Calendar_week":11,"Amount":-1.0,"PickAndPay":0,"Revenue":-5691.55,"Invoice_Date":"2016-03-14","Article_Number":"155470321","Article_Name":"EMERGENCY STOP MODULE 24 VDC 3Q","Order_Form_ID":"fc7ee5f3774037b1de3c7941fa2daa5f"},{"Customer_Name":"B","Calendar_week":11,"Amount":-1.0,"PickAndPay":0,"Revenue":-14250.72,"Invoice_Date":"2016-03-14","Article_Number":"155470330","Article_Name":"EMERGENCY STOP MODULE B45H84T121MM","Order_Form_ID":"fc7ee5f3774037b1de3c7941fa2daa5f"},{"Customer_Name":"B","Calendar_week":11,"Amount":-1.0,"PickAndPay":0,"Revenue":-4388.14,"Invoice_Date":"2016-03-14","Article_Number":"161334200","Article_Name":"MODULE 1\/20\/500V 24VDC","Order_Form_ID":"fc7ee5f3774037b1de3c7941fa2daa5f"},{"Customer_Name":"B","Calendar_week":11,"Amount":-1.0,"PickAndPay":0,"Revenue":-1716.18,"Invoice_Date":"2016-03-14","Article_Number":"162372800","Article_Name":"EMERGENCY STOP MODULE 24VDC 5S\/1Ö","Order_Form_ID":"fc7ee5f3774037b1de3c7941fa2daa5f"},{"Customer_Name":"B","Calendar_week":11,"Amount":-1.0,"PickAndPay":0,"Revenue":-2954.46,"Invoice_Date":"2016-03-14","Article_Number":"178188400","Article_Name":"LIGHT BARRIER 24 VDC","Order_Form_ID":"fc7ee5f3774037b1de3c7941fa2daa5f"},{"Customer_Name":"B","Calendar_week":11,"Amount":-1.0,"PickAndPay":0,"Revenue":-2954.46,"Invoice_Date":"2016-03-14","Article_Number":"178188401","Article_Name":"LIGHT BARRIER 24 VDC","Order_Form_ID":"fc7ee5f3774037b1de3c7941fa2daa5f"},{"Customer_Name":"B","Calendar_week":11,"Amount":-1.0,"PickAndPay":0,"Revenue":-11817.57,"Invoice_Date":"2016-03-14","Article_Number":"185416200","Article_Name":"METERING UNIT S7\/300\/1CANAL\/20KHZ","Order_Form_ID":"fc7ee5f3774037b1de3c7941fa2daa5f"},{"Customer_Name":"B","Calendar_week":11,"Amount":-2.0,"PickAndPay":0,"Revenue":-690.59,"Invoice_Date":"2016-03-14","Article_Number":"188574220","Article_Name":"PLUG 8POL","Order_Form_ID":"fc7ee5f3774037b1de3c7941fa2daa5f"},{"Customer_Name":"B","Calendar_week":11,"Amount":-1.0,"PickAndPay":0,"Revenue":-13012.44,"Invoice_Date":"2016-03-14","Article_Number":"189331801","Article_Name":"GEAR WITH LIMIT SWITCHES 24 VDC","Order_Form_ID":"fc7ee5f3774037b1de3c7941fa2daa5f"},{"Customer_Name":"B","Calendar_week":11,"Amount":-2.0,"PickAndPay":0,"Revenue":-2020.39,"Invoice_Date":"2016-03-14","Article_Number":"192468000","Article_Name":"PROXIMITY SWITCH E2A-M18LS08-M1-B1","Order_Form_ID":"fc7ee5f3774037b1de3c7941fa2daa5f"},{"Customer_Name":"B","Calendar_week":11,"Amount":-1.0,"PickAndPay":0,"Revenue":-1737.89,"Invoice_Date":"2016-03-14","Article_Number":"193628800","Article_Name":"LIGHT BARRIER 10-30V DC","Order_Form_ID":"fc7ee5f3774037b1de3c7941fa2daa5f"},{"Customer_Name":"B","Calendar_week":11,"Amount":-1.0,"PickAndPay":0,"Revenue":-1737.89,"Invoice_Date":"2016-03-14","Article_Number":"193628801","Article_Name":"LIGHT BARRIER 10-30V DC","Order_Form_ID":"fc7ee5f3774037b1de3c7941fa2daa5f"},{"Customer_Name":"B","Calendar_week":11,"Amount":-1.0,"PickAndPay":0,"Revenue":-17878.46,"Invoice_Date":"2016-03-14","Article_Number":"194858404","Article_Name":"FREQUENCY CONTROLLER 320-550V\/9,5A\/45-65","Order_Form_ID":"fc7ee5f3774037b1de3c7941fa2daa5f"},{"Customer_Name":"B","Calendar_week":11,"Amount":-1.0,"PickAndPay":0,"Revenue":-29826.57,"Invoice_Date":"2016-03-14","Article_Number":"194858405","Article_Name":"FREQUENCY CONTROLLER 320-550V\/13A\/45-65H","Order_Form_ID":"fc7ee5f3774037b1de3c7941fa2daa5f"},{"Customer_Name":"B","Calendar_week":11,"Amount":-1.0,"PickAndPay":0,"Revenue":-39384.94,"Invoice_Date":"2016-03-14","Article_Number":"194858411","Article_Name":"FREQUENCY CONTROLLER 320-550V\/23,5A\/45-6","Order_Form_ID":"fc7ee5f3774037b1de3c7941fa2daa5f"},{"Customer_Name":"B","Calendar_week":11,"Amount":-1.0,"PickAndPay":0,"Revenue":-17921.88,"Invoice_Date":"2016-03-14","Article_Number":"194858413","Article_Name":"FREQUENCY CONTROLLER 320-550V\/5,8A\/45-65","Order_Form_ID":"fc7ee5f3774037b1de3c7941fa2daa5f"},{"Customer_Name":"B","Calendar_week":11,"Amount":-1.0,"PickAndPay":0,"Revenue":-24438.96,"Invoice_Date":"2016-03-14","Article_Number":"194858415","Article_Name":"FREQUENCY CONTROLLER 11.7A\/320-550V\/45-6","Order_Form_ID":"fc7ee5f3774037b1de3c7941fa2daa5f"},{"Customer_Name":"B","Calendar_week":11,"Amount":-1.0,"PickAndPay":0,"Revenue":-30977.74,"Invoice_Date":"2016-03-14","Article_Number":"194858417","Article_Name":"FREQUENCY CONTROLLER 320-550V\/16,5A\/45-6","Order_Form_ID":"fc7ee5f3774037b1de3c7941fa2daa5f"},{"Customer_Name":"B","Calendar_week":11,"Amount":-1.0,"PickAndPay":0,"Revenue":-38081.53,"Invoice_Date":"2016-03-14","Article_Number":"194858419","Article_Name":"FREQUENCY CONTROLLER 400-500V\/13A\/50-60H","Order_Form_ID":"fc7ee5f3774037b1de3c7941fa2daa5f"},{"Customer_Name":"B","Calendar_week":11,"Amount":-1.0,"PickAndPay":0,"Revenue":-69493.74,"Invoice_Date":"2016-03-14","Article_Number":"194858420","Article_Name":"FREQUENCY CONTROLLER 40A\/18,5KW\/320-550V","Order_Form_ID":"fc7ee5f3774037b1de3c7941fa2daa5f"},{"Customer_Name":"B","Calendar_week":11,"Amount":-1.0,"PickAndPay":0,"Revenue":-39515.2,"Invoice_Date":"2016-03-14","Article_Number":"194858422","Article_Name":"FREQUENCY CONTROLLER 400-500V\/5,6-4,5A\/5","Order_Form_ID":"fc7ee5f3774037b1de3c7941fa2daa5f"},{"Customer_Name":"B","Calendar_week":11,"Amount":-1.0,"PickAndPay":0,"Revenue":-14554.66,"Invoice_Date":"2016-03-14","Article_Number":"194858600","Article_Name":"FREQUENCY CONTROLLER 400-500V\/50-60H, 0,","Order_Form_ID":"fc7ee5f3774037b1de3c7941fa2daa5f"},{"Customer_Name":"B","Calendar_week":11,"Amount":-1.0,"PickAndPay":0,"Revenue":-1933.27,"Invoice_Date":"2016-03-14","Article_Number":"194864700","Article_Name":"EMERGENCY STOP MODULE 24VDC\/230VAC\/4S","Order_Form_ID":"fc7ee5f3774037b1de3c7941fa2daa5f"},{"Customer_Name":"B","Calendar_week":11,"Amount":-1.0,"PickAndPay":0,"Revenue":-964.58,"Invoice_Date":"2016-03-14","Article_Number":"196992000","Article_Name":"CONTROL","Order_Form_ID":"fc7ee5f3774037b1de3c7941fa2daa5f"},{"Customer_Name":"B","Calendar_week":11,"Amount":-1.0,"PickAndPay":0,"Revenue":-53027.24,"Invoice_Date":"2016-03-14","Article_Number":"197300001","Article_Name":"COMPONENT GROUP","Order_Form_ID":"fc7ee5f3774037b1de3c7941fa2daa5f"},{"Customer_Name":"B","Calendar_week":11,"Amount":-1.0,"PickAndPay":0,"Revenue":-2172.36,"Invoice_Date":"2016-03-14","Article_Number":"197617200","Article_Name":"PROXIMITY SWITCH 10-30VDC\/PNP\/NPN\/4MM","Order_Form_ID":"fc7ee5f3774037b1de3c7941fa2daa5f"},{"Customer_Name":"B","Calendar_week":11,"Amount":-1.0,"PickAndPay":0,"Revenue":-2128.94,"Invoice_Date":"2016-03-14","Article_Number":"197617300","Article_Name":"PROXIMITY SWITCH 10-30VDC\/PNP\/4MM","Order_Form_ID":"fc7ee5f3774037b1de3c7941fa2daa5f"},{"Customer_Name":"B","Calendar_week":11,"Amount":-1.0,"PickAndPay":0,"Revenue":-37190.87,"Invoice_Date":"2016-03-14","Article_Number":"225992610","Article_Name":"COMMUNICATION MODULE 10 PORTS","Order_Form_ID":"fc7ee5f3774037b1de3c7941fa2daa5f"},{"Customer_Name":"B","Calendar_week":11,"Amount":-1.0,"PickAndPay":0,"Revenue":-44750.57,"Invoice_Date":"2016-03-14","Article_Number":"231774001","Article_Name":"MODULE","Order_Form_ID":"fc7ee5f3774037b1de3c7941fa2daa5f"},{"Customer_Name":"B","Calendar_week":11,"Amount":-1.0,"PickAndPay":0,"Revenue":-28175.52,"Invoice_Date":"2016-03-14","Article_Number":"271187300","Article_Name":"SENSOR 4-20MA\/24VDC","Order_Form_ID":"fc7ee5f3774037b1de3c7941fa2daa5f"},{"Customer_Name":"B","Calendar_week":11,"Amount":-1.0,"PickAndPay":0,"Revenue":-391.05,"Invoice_Date":"2016-03-14","Article_Number":"277328100","Article_Name":"HOLDING DEVICE","Order_Form_ID":"fc7ee5f3774037b1de3c7941fa2daa5f"},{"Customer_Name":"B","Calendar_week":11,"Amount":-1.0,"PickAndPay":0,"Revenue":-18899.37,"Invoice_Date":"2016-03-14","Article_Number":"280725902","Article_Name":"MONITORING SENSOR 24 VDC; 29X2616X35,4MM","Order_Form_ID":"fc7ee5f3774037b1de3c7941fa2daa5f"},{"Customer_Name":"B","Calendar_week":11,"Amount":-1.0,"PickAndPay":0,"Revenue":-27154.33,"Invoice_Date":"2016-03-14","Article_Number":"280725903","Article_Name":"MONITORING SENSOR 24 VDC","Order_Form_ID":"fc7ee5f3774037b1de3c7941fa2daa5f"},{"Customer_Name":"B","Calendar_week":11,"Amount":-1.0,"PickAndPay":0,"Revenue":-14793.74,"Invoice_Date":"2016-03-14","Article_Number":"280725906","Article_Name":"MONITORING SENSOR 24 VDC","Order_Form_ID":"fc7ee5f3774037b1de3c7941fa2daa5f"},{"Customer_Name":"B","Calendar_week":11,"Amount":-1.0,"PickAndPay":0,"Revenue":-22375.15,"Invoice_Date":"2016-03-14","Article_Number":"280725907","Article_Name":"MONITORING SENSOR 24 VDC","Order_Form_ID":"fc7ee5f3774037b1de3c7941fa2daa5f"},{"Customer_Name":"B","Calendar_week":11,"Amount":-1.0,"PickAndPay":0,"Revenue":-5908.92,"Invoice_Date":"2016-03-14","Article_Number":"280768800","Article_Name":"EMERGENCY STOP MODULE B22,5H96,5,T120","Order_Form_ID":"fc7ee5f3774037b1de3c7941fa2daa5f"},{"Customer_Name":"B","Calendar_week":11,"Amount":-1.0,"PickAndPay":0,"Revenue":-10449.03,"Invoice_Date":"2016-03-14","Article_Number":"280768801","Article_Name":"EMERGENCY STOP MODULE B22,5H96,5,T120","Order_Form_ID":"fc7ee5f3774037b1de3c7941fa2daa5f"},{"Customer_Name":"B","Calendar_week":11,"Amount":-1.0,"PickAndPay":0,"Revenue":-6799.58,"Invoice_Date":"2016-03-14","Article_Number":"280768802","Article_Name":"EMERGENCY STOP MODULE B22,5H96,5T120","Order_Form_ID":"fc7ee5f3774037b1de3c7941fa2daa5f"},{"Customer_Name":"B","Calendar_week":11,"Amount":-2.0,"PickAndPay":0,"Revenue":-999.2,"Invoice_Date":"2016-03-14","Article_Number":"287805700","Article_Name":"PROXIMITY SWITCH 10-30VDC\/M12\/PNP\/2MM","Order_Form_ID":"fc7ee5f3774037b1de3c7941fa2daa5f"},{"Customer_Name":"B","Calendar_week":11,"Amount":-1.0,"PickAndPay":0,"Revenue":-52049.75,"Invoice_Date":"2016-03-14","Article_Number":"295324030","Article_Name":"CONVERTER 1XELEKTRONIK 1XSENSOR","Order_Form_ID":"fc7ee5f3774037b1de3c7941fa2daa5f"},{"Customer_Name":"B","Calendar_week":11,"Amount":-1.0,"PickAndPay":0,"Revenue":-142267.58,"Invoice_Date":"2016-03-14","Article_Number":"197300003","Article_Name":"COMPUTER","Order_Form_ID":"fc7ee5f3774037b1de3c7941fa2daa5f"},{"Customer_Name":"B","Calendar_week":11,"Amount":-1.0,"PickAndPay":0,"Revenue":-139465.36,"Invoice_Date":"2016-03-14","Article_Number":"267610253","Article_Name":"COMPUTER 24 VDC","Order_Form_ID":"fc7ee5f3774037b1de3c7941fa2daa5f"},{"Customer_Name":"B","Calendar_week":11,"Amount":-1.0,"PickAndPay":0,"Revenue":-4122.12,"Invoice_Date":"2016-03-14","Article_Number":"V00000024","Article_Name":"PACKING CHARGES (BOX)","Order_Form_ID":"fc7ee5f3774037b1de3c7941fa2daa5f"},{"Customer_Name":"B","Calendar_week":11,"Amount":-1.0,"PickAndPay":0,"Revenue":-192.37,"Invoice_Date":"2016-03-14","Article_Number":"V00000025","Article_Name":"PACKING CHARGES (CARTON)","Order_Form_ID":"fc7ee5f3774037b1de3c7941fa2daa5f"},{"Customer_Name":"B","Calendar_week":11,"Amount":-1.0,"PickAndPay":0,"Revenue":-412.21,"Invoice_Date":"2016-03-14","Article_Number":"V00000019","Article_Name":"PACKING CHARGES (EUR-PALLET) 1200X800X14","Order_Form_ID":"fc7ee5f3774037b1de3c7941fa2daa5f"},{"Customer_Name":"B","Calendar_week":11,"Amount":-2.0,"PickAndPay":0,"Revenue":-4946.55,"Invoice_Date":"2016-03-14","Article_Number":"V00000015","Article_Name":"PACKING CHARGES (BOX) 3130X410X310MM","Order_Form_ID":"fc7ee5f3774037b1de3c7941fa2daa5f"},{"Customer_Name":"B","Calendar_week":11,"Amount":-1.0,"PickAndPay":0,"Revenue":-2748.08,"Invoice_Date":"2016-03-14","Article_Number":"V00000003","Article_Name":"PACKING CHARGES (BOX) 3100X340X430MM","Order_Form_ID":"fc7ee5f3774037b1de3c7941fa2daa5f"},{"Customer_Name":"B","Calendar_week":11,"Amount":-2.0,"PickAndPay":0,"Revenue":-2748.08,"Invoice_Date":"2016-03-14","Article_Number":"110680300","Article_Name":"PACKING CHARGES (PAL-BOX III) 1070X710X8","Order_Form_ID":"fc7ee5f3774037b1de3c7941fa2daa5f"},{"Customer_Name":"B","Calendar_week":11,"Amount":-1.0,"PickAndPay":0,"Revenue":-2215.78,"Invoice_Date":"2016-03-14","Article_Number":"102675800","Article_Name":"COUPLING 8\/10MM","Order_Form_ID":"fc7ee5f3774037b1de3c7941fa2daa5f"},{"Customer_Name":"B","Calendar_week":11,"Amount":-1.0,"PickAndPay":0,"Revenue":-192.37,"Invoice_Date":"2016-03-14","Article_Number":"110991000","Article_Name":"PACKING CHARGES (CARTON) 200X200X80","Order_Form_ID":"fc7ee5f3774037b1de3c7941fa2daa5f"},{"Customer_Name":"B","Calendar_week":11,"Amount":-1.0,"PickAndPay":0,"Revenue":-14661.01,"Invoice_Date":"2016-03-14","Article_Number":"P030FR001","Article_Name":"FREIGHT CHARGES","Order_Form_ID":"fc7ee5f3774037b1de3c7941fa2daa5f"},{"Customer_Name":"B","Calendar_week":11,"Amount":-1.0,"PickAndPay":0,"Revenue":-12860.47,"Invoice_Date":"2016-03-16","Article_Number":"100686325","Article_Name":"COMPRESSED-AIR MOTOR G1\/8 - 10.6NM","Order_Form_ID":"ba187545cbe8560bb7ea9e4f7ec49534"},{"Customer_Name":"B","Calendar_week":11,"Amount":-10.0,"PickAndPay":0,"Revenue":-5821.81,"Invoice_Date":"2016-03-16","Article_Number":"149000","Article_Name":"ADHESIVE TAPE 50MMX100M","Order_Form_ID":"ba187545cbe8560bb7ea9e4f7ec49534"},{"Customer_Name":"B","Calendar_week":11,"Amount":-1.0,"PickAndPay":0,"Revenue":-432.27,"Invoice_Date":"2016-03-16","Article_Number":"127654810","Article_Name":"SEALING RING 50X136X2","Order_Form_ID":"ba187545cbe8560bb7ea9e4f7ec49534"},{"Customer_Name":"B","Calendar_week":11,"Amount":-2.0,"PickAndPay":0,"Revenue":-1164.36,"Invoice_Date":"2016-03-16","Article_Number":"149000","Article_Name":"ADHESIVE TAPE 50MMX100M","Order_Form_ID":"ba187545cbe8560bb7ea9e4f7ec49534"},{"Customer_Name":"B","Calendar_week":11,"Amount":-1.0,"PickAndPay":0,"Revenue":-15076.24,"Invoice_Date":"2016-03-16","Article_Number":"124029130","Article_Name":"COMMUNICATION MODULE 28PORT; 100MBIT","Order_Form_ID":"ba187545cbe8560bb7ea9e4f7ec49534"},{"Customer_Name":"B","Calendar_week":11,"Amount":-1.0,"PickAndPay":0,"Revenue":-192.37,"Invoice_Date":"2016-03-16","Article_Number":"110991004","Article_Name":"PACKING CHARGES (CARTON) 610X410X230","Order_Form_ID":"ba187545cbe8560bb7ea9e4f7ec49534"},{"Customer_Name":"B","Calendar_week":19,"Amount":1.0,"PickAndPay":1,"Revenue":12064.07,"Invoice_Date":"2016-05-09","Article_Number":"P030PA001","Article_Name":"PACKING","Order_Form_ID":"f855929251d7bc66882ae0a2355166cb"},{"Customer_Name":"B","Calendar_week":19,"Amount":1.0,"PickAndPay":1,"Revenue":16559.93,"Invoice_Date":"2016-05-09","Article_Number":"P030FR001","Article_Name":"FREIGHT CHARGES","Order_Form_ID":"f855929251d7bc66882ae0a2355166cb"},{"Customer_Name":"B","Calendar_week":19,"Amount":-1.0,"PickAndPay":1,"Revenue":-12064.07,"Invoice_Date":"2016-05-09","Article_Number":"P030PA001","Article_Name":"PACKING","Order_Form_ID":"7fc546d12a70d774a7306aa68fbb7cc7"},{"Customer_Name":"B","Calendar_week":19,"Amount":-1.0,"PickAndPay":1,"Revenue":-16559.93,"Invoice_Date":"2016-05-09","Article_Number":"P030FR001","Article_Name":"FREIGHT CHARGES","Order_Form_ID":"7fc546d12a70d774a7306aa68fbb7cc7"},{"Customer_Name":"B","Calendar_week":19,"Amount":1.0,"PickAndPay":1,"Revenue":12064.07,"Invoice_Date":"2016-05-09","Article_Number":"P030PA001","Article_Name":"PACKING","Order_Form_ID":"5c3eadbc9ce7aaa8cd82280319f92ae4"},{"Customer_Name":"B","Calendar_week":19,"Amount":1.0,"PickAndPay":1,"Revenue":16559.93,"Invoice_Date":"2016-05-09","Article_Number":"P030FR001","Article_Name":"FREIGHT CHARGES","Order_Form_ID":"5c3eadbc9ce7aaa8cd82280319f92ae4"},{"Customer_Name":"B","Calendar_week":21,"Amount":12.0,"PickAndPay":0,"Revenue":30426.47,"Invoice_Date":"2016-05-24","Article_Number":"100335702","Article_Name":"BACOMIN V42-50 UNIVERSAL 400ML","Order_Form_ID":"0e3872435b99a76d9b040b3795571005"},{"Customer_Name":"B","Calendar_week":21,"Amount":12.0,"PickAndPay":0,"Revenue":12294.09,"Invoice_Date":"2016-05-24","Article_Number":"182532","Article_Name":"BACOMIN V95 POWER 400ML","Order_Form_ID":"0e3872435b99a76d9b040b3795571005"},{"Customer_Name":"B","Calendar_week":21,"Amount":1.0,"PickAndPay":0,"Revenue":192.37,"Invoice_Date":"2016-05-24","Article_Number":"110991005","Article_Name":"PACKING CHARGES (CARTON) 600X400X400","Order_Form_ID":"0e3872435b99a76d9b040b3795571005"},{"Customer_Name":"B","Calendar_week":23,"Amount":12.0,"PickAndPay":0,"Revenue":12087.98,"Invoice_Date":"2016-06-09","Article_Number":"182532","Article_Name":"BACOMIN V95 POWER 400ML","Order_Form_ID":"388b9a5dcac874675dcecde3e33a4a0c"},{"Customer_Name":"B","Calendar_week":23,"Amount":12.0,"PickAndPay":0,"Revenue":30222.84,"Invoice_Date":"2016-06-09","Article_Number":"100335702","Article_Name":"BACOMIN V42-50 UNIVERSAL 400ML","Order_Form_ID":"388b9a5dcac874675dcecde3e33a4a0c"},{"Customer_Name":"B","Calendar_week":23,"Amount":12.0,"PickAndPay":0,"Revenue":44269.1,"Invoice_Date":"2016-06-09","Article_Number":"199825800","Article_Name":"PERFLU V250 HIGH TEMP 800G 400ML","Order_Form_ID":"388b9a5dcac874675dcecde3e33a4a0c"},{"Customer_Name":"B","Calendar_week":23,"Amount":1.0,"PickAndPay":0,"Revenue":192.37,"Invoice_Date":"2016-06-09","Article_Number":"110991003","Article_Name":"PACKING CHARGES (CARTON) 360X360X250","Order_Form_ID":"388b9a5dcac874675dcecde3e33a4a0c"},{"Customer_Name":"B","Calendar_week":23,"Amount":1.0,"PickAndPay":0,"Revenue":192.37,"Invoice_Date":"2016-06-09","Article_Number":"V00000025","Article_Name":"PACKING CHARGES (CARTON)","Order_Form_ID":"388b9a5dcac874675dcecde3e33a4a0c"},{"Customer_Name":"B","Calendar_week":26,"Amount":10.0,"PickAndPay":0,"Revenue":25343.35,"Invoice_Date":"2016-06-27","Article_Number":"100335702","Article_Name":"BACOMIN V42-50 UNIVERSAL 400ML","Order_Form_ID":"578770e7476e116150de32e4a34f4ee0"},{"Customer_Name":"B","Calendar_week":26,"Amount":1.0,"PickAndPay":0,"Revenue":192.37,"Invoice_Date":"2016-06-27","Article_Number":"V00000025","Article_Name":"PACKING CHARGES (CARTON)","Order_Form_ID":"578770e7476e116150de32e4a34f4ee0"},{"Customer_Name":"B","Calendar_week":27,"Amount":2.0,"PickAndPay":1,"Revenue":480729.98,"Invoice_Date":"2016-07-08","Article_Number":"171115220","Article_Name":"PRESSURE BELT I-QUALITY 2860X 2930","Order_Form_ID":"a94593cec1be02eadc338e00894ff8d0"},{"Customer_Name":"B","Calendar_week":30,"Amount":30.0,"PickAndPay":0,"Revenue":15929.25,"Invoice_Date":"2016-07-25","Article_Number":"136481820","Article_Name":"NO-CRUSH-ROLLER 180X65X50","Order_Form_ID":"5611851d650d7eeb361844abfa21ec9e"},{"Customer_Name":"B","Calendar_week":30,"Amount":1.0,"PickAndPay":0,"Revenue":192.37,"Invoice_Date":"2016-07-25","Article_Number":"110991004","Article_Name":"PACKING CHARGES (CARTON) 610X410X230","Order_Form_ID":"5611851d650d7eeb361844abfa21ec9e"},{"Customer_Name":"B","Calendar_week":31,"Amount":1.0,"PickAndPay":1,"Revenue":5496.16,"Invoice_Date":"2016-08-05","Article_Number":"P030PA001","Article_Name":"PACKING","Order_Form_ID":"7ad856a88aec9ad8e979be18d6185a79"},{"Customer_Name":"B","Calendar_week":31,"Amount":1.0,"PickAndPay":1,"Revenue":5614.33,"Invoice_Date":"2016-08-05","Article_Number":"P030FR001","Article_Name":"FREIGHT CHARGES","Order_Form_ID":"7ad856a88aec9ad8e979be18d6185a79"},{"Customer_Name":"B","Calendar_week":36,"Amount":12.0,"PickAndPay":0,"Revenue":44475.21,"Invoice_Date":"2016-09-07","Article_Number":"199825800","Article_Name":"PERFLU V250 HIGH TEMP 800G 400ML","Order_Form_ID":"c30b3247be96e82271165cc136957c27"},{"Customer_Name":"B","Calendar_week":36,"Amount":1.0,"PickAndPay":0,"Revenue":192.37,"Invoice_Date":"2016-09-07","Article_Number":"110991003","Article_Name":"PACKING CHARGES (CARTON) 360X360X250","Order_Form_ID":"c30b3247be96e82271165cc136957c27"},{"Customer_Name":"B","Calendar_week":39,"Amount":20.0,"PickAndPay":0,"Revenue":25618.16,"Invoice_Date":"2016-09-29","Article_Number":"140957600","Article_Name":"LUBRICATION CARTRIDGE 120-ML","Order_Form_ID":"2f697f9e143a14f8e33e5557d5fe9386"},{"Customer_Name":"B","Calendar_week":39,"Amount":1.0,"PickAndPay":0,"Revenue":192.37,"Invoice_Date":"2016-09-29","Article_Number":"110991002","Article_Name":"PACKING CHARGES (CARTON) 300X300X200","Order_Form_ID":"2f697f9e143a14f8e33e5557d5fe9386"},{"Customer_Name":"B","Calendar_week":40,"Amount":2.0,"PickAndPay":1,"Revenue":480729.98,"Invoice_Date":"2016-10-05","Article_Number":"171115220","Article_Name":"PRESSURE BELT I-QUALITY 2860X 2930","Order_Form_ID":"6a694572e1b78343c6f12877ee8b03c1"},{"Customer_Name":"B","Calendar_week":40,"Amount":-2.0,"PickAndPay":1,"Revenue":-480729.98,"Invoice_Date":"2016-10-05","Article_Number":"171115220","Article_Name":"PRESSURE BELT I-QUALITY 2860X 2930","Order_Form_ID":"1d78c654c97a8ec1a6f4119172ad2a1b"},{"Customer_Name":"B","Calendar_week":41,"Amount":-1.0,"PickAndPay":1,"Revenue":-214430.8,"Invoice_Date":"2016-10-10","Article_Number":"171115220","Article_Name":"PRESSURE BELT I-QUALITY 2860X 2930","Order_Form_ID":"59917fd7811e02719a0ff008507e74dc"},{"Customer_Name":"B","Calendar_week":43,"Amount":2.0,"PickAndPay":1,"Revenue":480729.98,"Invoice_Date":"2016-10-27","Article_Number":"171115220","Article_Name":"PRESSURE BELT I-QUALITY 2860X 2930","Order_Form_ID":"b028192f3cfab5a76ebffb84995f9d10"},{"Customer_Name":"B","Calendar_week":45,"Amount":1.0,"PickAndPay":1,"Revenue":2748.08,"Invoice_Date":"2016-11-07","Article_Number":"P030PA001","Article_Name":"PACKING","Order_Form_ID":"6e714ab65ecaa5cc45a4409f77c92979"},{"Customer_Name":"B","Calendar_week":45,"Amount":1.0,"PickAndPay":1,"Revenue":5351.61,"Invoice_Date":"2016-11-07","Article_Number":"P030FR001","Article_Name":"FREIGHT CHARGES","Order_Form_ID":"6e714ab65ecaa5cc45a4409f77c92979"},{"Customer_Name":"B","Calendar_week":45,"Amount":2.0,"PickAndPay":1,"Revenue":137216.34,"Invoice_Date":"2016-11-07","Article_Number":"109888054","Article_Name":"KNIFE 2840X30X8 AB2800","Order_Form_ID":"3477dd6eafd15e4edb1228efd0305a38"},{"Customer_Name":"B","Calendar_week":45,"Amount":1.0,"PickAndPay":1,"Revenue":0.27,"Invoice_Date":"2016-11-07","Article_Number":"173687700","Article_Name":"TORX SOCKET GR.TX40 1\/2-ZOLL","Order_Form_ID":"3477dd6eafd15e4edb1228efd0305a38"},{"Customer_Name":"B","Calendar_week":48,"Amount":25.0,"PickAndPay":0,"Revenue":113757.07,"Invoice_Date":"2016-11-29","Article_Number":"199825801","Article_Name":"PERFLU V250 HIGH TEMP 25KG","Order_Form_ID":"e4f6803d96d833346b643ea730b265d8"},{"Customer_Name":"B","Calendar_week":48,"Amount":25.0,"PickAndPay":1,"Revenue":17825.97,"Invoice_Date":"2016-11-29","Article_Number":"116904600","Article_Name":"COLOUR FOR BOARD MARKING QUAL.NR.7100-93","Order_Form_ID":"4fec7adb93a3f766206db629810c9d0b"},{"Customer_Name":"B","Calendar_week":48,"Amount":12.0,"PickAndPay":0,"Revenue":44475.21,"Invoice_Date":"2016-12-01","Article_Number":"199825800","Article_Name":"PERFLU V250 HIGH TEMP 800G 400ML","Order_Form_ID":"80b0a898841a85cacab64b0b8adf57b1"},{"Customer_Name":"B","Calendar_week":48,"Amount":1.0,"PickAndPay":0,"Revenue":192.37,"Invoice_Date":"2016-12-01","Article_Number":"110991003","Article_Name":"PACKING CHARGES (CARTON) 360X360X250","Order_Form_ID":"80b0a898841a85cacab64b0b8adf57b1"},{"Customer_Name":"B","Calendar_week":48,"Amount":-1.0,"PickAndPay":1,"Revenue":-56293.61,"Invoice_Date":"2016-12-01","Article_Number":"171115220","Article_Name":"PRESSURE BELT I-QUALITY 2860X 2930","Order_Form_ID":"99d44101bd434b7665af66cb2e92add9"},{"Customer_Name":"B","Calendar_week":50,"Amount":1.0,"PickAndPay":1,"Revenue":1923.66,"Invoice_Date":"2016-12-12","Article_Number":"P030PA001","Article_Name":"PACKING","Order_Form_ID":"9fb7fdf4a21a674fd8fbd846e8055eb9"},{"Customer_Name":"B","Calendar_week":50,"Amount":1.0,"PickAndPay":1,"Revenue":1350.96,"Invoice_Date":"2016-12-12","Article_Number":"P030FR001","Article_Name":"FREIGHT CHARGES","Order_Form_ID":"9fb7fdf4a21a674fd8fbd846e8055eb9"},{"Customer_Name":"B","Calendar_week":50,"Amount":1.0,"PickAndPay":1,"Revenue":1605.98,"Invoice_Date":"2016-12-12","Article_Number":"P030FR001","Article_Name":"FREIGHT CHARGES","Order_Form_ID":"07ecaf200c90143fc20150296d4aeffc"},{"Customer_Name":"B","Calendar_week":51,"Amount":4.0,"PickAndPay":1,"Revenue":20343.49,"Invoice_Date":"2016-12-21","Article_Number":"105303965","Article_Name":"DISC CUT KNIFE 240X1,2\/0,35MM,20°","Order_Form_ID":"1ad8f1a4188484ece0137535eb025436"},{"Customer_Name":"B","Calendar_week":51,"Amount":150.0,"PickAndPay":1,"Revenue":2683.5,"Invoice_Date":"2016-12-21","Article_Number":"107254210","Article_Name":"FELT 46X35X10MM","Order_Form_ID":"1ad8f1a4188484ece0137535eb025436"},{"Customer_Name":"B","Calendar_week":52,"Amount":-25.0,"PickAndPay":0,"Revenue":-112671.3,"Invoice_Date":"2016-12-31","Article_Number":"199825801","Article_Name":"PERFLU V250 HIGH TEMP 25KG","Order_Form_ID":"b964c451f46b5b12def80f457d124e10"},{"Customer_Name":"B","Calendar_week":3,"Amount":2.0,"PickAndPay":1,"Revenue":137293.01,"Invoice_Date":"2017-01-17","Article_Number":"109888054","Article_Name":"KNIFE 2840X30X8 AB2800","Order_Form_ID":"22854e979fe8cc4a2ecf41e2c303b19a"},{"Customer_Name":"B","Calendar_week":5,"Amount":1.0,"PickAndPay":1,"Revenue":1374.04,"Invoice_Date":"2017-01-30","Article_Number":"P030PA001","Article_Name":"PACKING","Order_Form_ID":"25f50b1b2c79a3c1651124517e469c81"},{"Customer_Name":"B","Calendar_week":5,"Amount":1.0,"PickAndPay":1,"Revenue":1350.96,"Invoice_Date":"2017-01-30","Article_Number":"P030FR001","Article_Name":"FREIGHT CHARGES","Order_Form_ID":"25f50b1b2c79a3c1651124517e469c81"},{"Customer_Name":"B","Calendar_week":5,"Amount":1.0,"PickAndPay":1,"Revenue":240364.99,"Invoice_Date":"2017-02-01","Article_Number":"171115220","Article_Name":"PRESSURE BELT I-QUALITY 2860X 2930","Order_Form_ID":"6e90bf9cec767d1035579d248f20ab6c"},{"Customer_Name":"B","Calendar_week":7,"Amount":150.0,"PickAndPay":0,"Revenue":79208.2,"Invoice_Date":"2017-02-13","Article_Number":"136481820","Article_Name":"NO-CRUSH-ROLLER 180X65X50","Order_Form_ID":"af88a3845a88f1d1ce5054a747e52360"},{"Customer_Name":"B","Calendar_week":7,"Amount":1.0,"PickAndPay":0,"Revenue":1099.23,"Invoice_Date":"2017-02-13","Article_Number":"110680200","Article_Name":"PACKING CHARGES (PAL-BOX II) 1070X710X52","Order_Form_ID":"af88a3845a88f1d1ce5054a747e52360"},{"Customer_Name":"B","Calendar_week":9,"Amount":1.0,"PickAndPay":1,"Revenue":3141.88,"Invoice_Date":"2017-02-28","Article_Number":"P030FR001","Article_Name":"FREIGHT CHARGES","Order_Form_ID":"3186420f1e61e6f53b8de91666c43169"},{"Customer_Name":"B","Calendar_week":9,"Amount":1.0,"PickAndPay":1,"Revenue":2473.27,"Invoice_Date":"2017-02-28","Article_Number":"P030PA001","Article_Name":"PACKING","Order_Form_ID":"3186420f1e61e6f53b8de91666c43169"},{"Customer_Name":"B","Calendar_week":11,"Amount":8.0,"PickAndPay":1,"Revenue":10018.4,"Invoice_Date":"2017-03-13","Article_Number":"105406991","Article_Name":"GRINDING WHEEL 50X11X19MM","Order_Form_ID":"3461d023079b1339c7bd656d58be6987"},{"Customer_Name":"B","Calendar_week":11,"Amount":10.0,"PickAndPay":0,"Revenue":51474.57,"Invoice_Date":"2017-03-14","Article_Number":"105303965","Article_Name":"DISC CUT KNIFE 240X1,2\/0,35MM,20°","Order_Form_ID":"a0a805a56e91d8b35f92a581d9df98f1"},{"Customer_Name":"B","Calendar_week":11,"Amount":1.0,"PickAndPay":0,"Revenue":192.37,"Invoice_Date":"2017-03-14","Article_Number":"110991003","Article_Name":"PACKING CHARGES (CARTON) 360X360X250","Order_Form_ID":"a0a805a56e91d8b35f92a581d9df98f1"},{"Customer_Name":"B","Calendar_week":11,"Amount":25.0,"PickAndPay":0,"Revenue":10197.3,"Invoice_Date":"2017-03-14","Article_Number":"107440100","Article_Name":"NAP FOIL 120 MM BR\/25 M","Order_Form_ID":"7c53105d58624f8e58886cd5b64846c2"},{"Customer_Name":"B","Calendar_week":11,"Amount":1.0,"PickAndPay":0,"Revenue":192.37,"Invoice_Date":"2017-03-14","Article_Number":"110991001","Article_Name":"PACKING CHARGES (CARTON) 200X200X150","Order_Form_ID":"7c53105d58624f8e58886cd5b64846c2"},{"Customer_Name":"B","Calendar_week":11,"Amount":1.0,"PickAndPay":0,"Revenue":335.82,"Invoice_Date":"2017-03-14","Article_Number":"P030FR001","Article_Name":"FREIGHT CHARGES","Order_Form_ID":"7c53105d58624f8e58886cd5b64846c2"},{"Customer_Name":"B","Calendar_week":17,"Amount":20.0,"PickAndPay":0,"Revenue":7821.31,"Invoice_Date":"2017-04-24","Article_Number":"114519400","Article_Name":"SUPPORT RING SG38.8X45X1.4G","Order_Form_ID":"7c3301ad84f74651d5766b09d23d5ef5"},{"Customer_Name":"B","Calendar_week":17,"Amount":24.0,"PickAndPay":0,"Revenue":88557.72,"Invoice_Date":"2017-04-24","Article_Number":"199825800","Article_Name":"PERFLU V250 HIGH TEMP 800G 400ML","Order_Form_ID":"7c3301ad84f74651d5766b09d23d5ef5"},{"Customer_Name":"B","Calendar_week":17,"Amount":1.0,"PickAndPay":0,"Revenue":192.37,"Invoice_Date":"2017-04-24","Article_Number":"110991003","Article_Name":"PACKING CHARGES (CARTON) 360X360X250","Order_Form_ID":"7c3301ad84f74651d5766b09d23d5ef5"},{"Customer_Name":"B","Calendar_week":17,"Amount":1.0,"PickAndPay":0,"Revenue":37806.72,"Invoice_Date":"2017-04-28","Article_Number":"135649100","Article_Name":"CONVEYOR BELT 3000X 5265","Order_Form_ID":"5074bf3a9126b722907a393e43c73780"},{"Customer_Name":"B","Calendar_week":17,"Amount":1.0,"PickAndPay":0,"Revenue":31494.1,"Invoice_Date":"2017-04-28","Article_Number":"135649000","Article_Name":"CONVEYOR BELT 3000X 2625","Order_Form_ID":"5074bf3a9126b722907a393e43c73780"},{"Customer_Name":"B","Calendar_week":17,"Amount":1.0,"PickAndPay":0,"Revenue":27477.78,"Invoice_Date":"2017-04-28","Article_Number":"135648700","Article_Name":"CONVEYOR BELT 2920X 2300","Order_Form_ID":"5074bf3a9126b722907a393e43c73780"},{"Customer_Name":"B","Calendar_week":17,"Amount":1.0,"PickAndPay":0,"Revenue":16093.58,"Invoice_Date":"2017-04-28","Article_Number":"184122301","Article_Name":"CONVEYOR BELT 2920X 1575","Order_Form_ID":"5074bf3a9126b722907a393e43c73780"},{"Customer_Name":"B","Calendar_week":17,"Amount":1.0,"PickAndPay":0,"Revenue":412.21,"Invoice_Date":"2017-04-28","Article_Number":"V00000019","Article_Name":"PACKING CHARGES (EUR-PALLET) 1200X800X14","Order_Form_ID":"5074bf3a9126b722907a393e43c73780"},{"Customer_Name":"B","Calendar_week":17,"Amount":1.0,"PickAndPay":1,"Revenue":192.37,"Invoice_Date":"2017-04-28","Article_Number":"P030PA001","Article_Name":"PACKING","Order_Form_ID":"b27f60b92ab3458661760ccbc0e40368"},{"Customer_Name":"B","Calendar_week":17,"Amount":1.0,"PickAndPay":1,"Revenue":335.82,"Invoice_Date":"2017-04-28","Article_Number":"P030FR001","Article_Name":"FREIGHT CHARGES","Order_Form_ID":"b27f60b92ab3458661760ccbc0e40368"},{"Customer_Name":"B","Calendar_week":18,"Amount":10.0,"PickAndPay":0,"Revenue":12756.59,"Invoice_Date":"2017-05-02","Article_Number":"140957600","Article_Name":"LUBRICATION CARTRIDGE 120-ML","Order_Form_ID":"dfd453fcda2175aa1f9fc7875369401d"},{"Customer_Name":"B","Calendar_week":18,"Amount":10.0,"PickAndPay":0,"Revenue":22316.89,"Invoice_Date":"2017-05-02","Article_Number":"248153200","Article_Name":"LUBRICATION CARTRIDGE 500-ML","Order_Form_ID":"dfd453fcda2175aa1f9fc7875369401d"},{"Customer_Name":"B","Calendar_week":18,"Amount":1.0,"PickAndPay":0,"Revenue":192.37,"Invoice_Date":"2017-05-02","Article_Number":"110991003","Article_Name":"PACKING CHARGES (CARTON) 360X360X250","Order_Form_ID":"dfd453fcda2175aa1f9fc7875369401d"},{"Customer_Name":"B","Calendar_week":20,"Amount":20.0,"PickAndPay":0,"Revenue":7825.16,"Invoice_Date":"2017-05-16","Article_Number":"114519400","Article_Name":"SUPPORT RING SG38.8X45X1.4G","Order_Form_ID":"037cac56d333ac24f5bbf68d3feb6962"},{"Customer_Name":"B","Calendar_week":20,"Amount":4.0,"PickAndPay":0,"Revenue":131124.94,"Invoice_Date":"2017-05-16","Article_Number":"152803502","Article_Name":"TABLE","Order_Form_ID":"037cac56d333ac24f5bbf68d3feb6962"},{"Customer_Name":"B","Calendar_week":20,"Amount":1.0,"PickAndPay":0,"Revenue":2473.27,"Invoice_Date":"2017-05-16","Article_Number":"V00000012","Article_Name":"PACKING CHARGES (BOX) 790X380X380MM","Order_Form_ID":"037cac56d333ac24f5bbf68d3feb6962"},{"Customer_Name":"B","Calendar_week":20,"Amount":-1.0,"PickAndPay":0,"Revenue":-78205.98,"Invoice_Date":"2017-05-16","Article_Number":"171115220","Article_Name":"PRESSURE BELT I-QUALITY 2860X 2930","Order_Form_ID":"80bd11b3a586158f3a0a5805be685a02"},{"Customer_Name":"B","Calendar_week":21,"Amount":4.0,"PickAndPay":0,"Revenue":6469.53,"Invoice_Date":"2017-05-24","Article_Number":"104196402","Article_Name":"FLAT BELT 50X2,4X1920","Order_Form_ID":"983cdeb4817ecf80fa0162ee2f2e3958"},{"Customer_Name":"B","Calendar_week":21,"Amount":1.0,"PickAndPay":0,"Revenue":192.37,"Invoice_Date":"2017-05-24","Article_Number":"110991002","Article_Name":"PACKING CHARGES (CARTON) 300X300X200","Order_Form_ID":"983cdeb4817ecf80fa0162ee2f2e3958"},{"Customer_Name":"B","Calendar_week":22,"Amount":74.0,"PickAndPay":0,"Revenue":66675.58,"Invoice_Date":"2017-06-01","Article_Number":"108508399","Article_Name":"PRESSURE SHOE, COMPLETE","Order_Form_ID":"d280118f7ee20ac3ec08ad2d40396dcf"},{"Customer_Name":"B","Calendar_week":22,"Amount":1.0,"PickAndPay":0,"Revenue":192.37,"Invoice_Date":"2017-06-01","Article_Number":"110991002","Article_Name":"PACKING CHARGES (CARTON) 300X300X200","Order_Form_ID":"d280118f7ee20ac3ec08ad2d40396dcf"},{"Customer_Name":"B","Calendar_week":23,"Amount":1.0,"PickAndPay":0,"Revenue":243585.19,"Invoice_Date":"2017-06-08","Article_Number":"150337628","Article_Name":"PRESSURE BELT II-QUALITY 2860X 2930","Order_Form_ID":"e3eabaeec7731fc37455769a92d2c803"},{"Customer_Name":"B","Calendar_week":23,"Amount":1.0,"PickAndPay":0,"Revenue":2473.27,"Invoice_Date":"2017-06-08","Article_Number":"V00000015","Article_Name":"PACKING CHARGES (BOX) 3130X410X310MM","Order_Form_ID":"e3eabaeec7731fc37455769a92d2c803"},{"Customer_Name":"B","Calendar_week":25,"Amount":1.0,"PickAndPay":0,"Revenue":243506.87,"Invoice_Date":"2017-06-20","Article_Number":"171115220","Article_Name":"PRESSURE BELT I-QUALITY 2860X 2930","Order_Form_ID":"f68ebabac166e3c34de63614790c6b60"},{"Customer_Name":"B","Calendar_week":25,"Amount":1.0,"PickAndPay":0,"Revenue":2473.27,"Invoice_Date":"2017-06-20","Article_Number":"V00000015","Article_Name":"PACKING CHARGES (BOX) 3130X410X310MM","Order_Form_ID":"f68ebabac166e3c34de63614790c6b60"},{"Customer_Name":"B","Calendar_week":25,"Amount":2.0,"PickAndPay":0,"Revenue":20117.05,"Invoice_Date":"2017-06-22","Article_Number":"171504400","Article_Name":"SEAL 33X68X172LG","Order_Form_ID":"b9c19f9a91673175f8949b02268d0335"},{"Customer_Name":"B","Calendar_week":25,"Amount":1.0,"PickAndPay":0,"Revenue":192.37,"Invoice_Date":"2017-06-22","Article_Number":"110991000","Article_Name":"PACKING CHARGES (CARTON) 200X200X80","Order_Form_ID":"b9c19f9a91673175f8949b02268d0335"},{"Customer_Name":"B","Calendar_week":28,"Amount":20.0,"PickAndPay":0,"Revenue":1565.31,"Invoice_Date":"2017-07-12","Article_Number":"142697101","Article_Name":"FLAT SPRING 0,5X10X17X91","Order_Form_ID":"44d2484f062929b5b498ef0956b29ff9"},{"Customer_Name":"B","Calendar_week":28,"Amount":3.0,"PickAndPay":0,"Revenue":10792.54,"Invoice_Date":"2017-07-12","Article_Number":"106203300","Article_Name":"SOLENOID VALVE 24V\/DC","Order_Form_ID":"44d2484f062929b5b498ef0956b29ff9"},{"Customer_Name":"B","Calendar_week":28,"Amount":1.0,"PickAndPay":0,"Revenue":197.86,"Invoice_Date":"2017-07-12","Article_Number":"110991000","Article_Name":"PACKING CHARGES (CARTON) 200X200X80","Order_Form_ID":"44d2484f062929b5b498ef0956b29ff9"},{"Customer_Name":"B","Calendar_week":29,"Amount":1.0,"PickAndPay":0,"Revenue":138395.54,"Invoice_Date":"2017-07-17","Article_Number":"151128604","Article_Name":"BHS KNIFE SET WW2800","Order_Form_ID":"0942d20438a78814ad8be2af0007910e"},{"Customer_Name":"B","Calendar_week":29,"Amount":12.0,"PickAndPay":0,"Revenue":44976.19,"Invoice_Date":"2017-07-17","Article_Number":"199825800","Article_Name":"PERFLU V250 HIGH TEMP 800G 400ML","Order_Form_ID":"0942d20438a78814ad8be2af0007910e"},{"Customer_Name":"B","Calendar_week":29,"Amount":1.0,"PickAndPay":0,"Revenue":197.86,"Invoice_Date":"2017-07-17","Article_Number":"110991003","Article_Name":"PACKING CHARGES (CARTON) 360X360X250","Order_Form_ID":"0942d20438a78814ad8be2af0007910e"},{"Customer_Name":"B","Calendar_week":29,"Amount":1.0,"PickAndPay":0,"Revenue":1374.04,"Invoice_Date":"2017-07-17","Article_Number":"V00000008","Article_Name":"PACKING CHARGES (BOX) 2970X100X110MM","Order_Form_ID":"0942d20438a78814ad8be2af0007910e"},{"Customer_Name":"B","Calendar_week":29,"Amount":1.0,"PickAndPay":0,"Revenue":28096.93,"Invoice_Date":"2017-07-18","Article_Number":"216629900","Article_Name":"CONVEYOR BELT 3000X 4670","Order_Form_ID":"dd9f4b390d3e2fbfc9373166a9c8c973"},{"Customer_Name":"B","Calendar_week":29,"Amount":1.0,"PickAndPay":0,"Revenue":96161.94,"Invoice_Date":"2017-07-18","Article_Number":"135649401","Article_Name":"CONVEYOR BELT 3000X 8290","Order_Form_ID":"dd9f4b390d3e2fbfc9373166a9c8c973"},{"Customer_Name":"B","Calendar_week":29,"Amount":1.0,"PickAndPay":0,"Revenue":55357.88,"Invoice_Date":"2017-07-18","Article_Number":"135649200","Article_Name":"CONVEYOR BELT 3000X 7305","Order_Form_ID":"dd9f4b390d3e2fbfc9373166a9c8c973"},{"Customer_Name":"B","Calendar_week":29,"Amount":1.0,"PickAndPay":0,"Revenue":15173.25,"Invoice_Date":"2017-07-18","Article_Number":"184122302","Article_Name":"CONVEYOR BELT 2920X 1575","Order_Form_ID":"dd9f4b390d3e2fbfc9373166a9c8c973"},{"Customer_Name":"B","Calendar_week":29,"Amount":1.0,"PickAndPay":0,"Revenue":9893.09,"Invoice_Date":"2017-07-18","Article_Number":"V00000024","Article_Name":"PACKING CHARGES (BOX)","Order_Form_ID":"dd9f4b390d3e2fbfc9373166a9c8c973"},{"Customer_Name":"B","Calendar_week":29,"Amount":-1.0,"PickAndPay":0,"Revenue":-70523.17,"Invoice_Date":"2017-07-20","Article_Number":"171115220","Article_Name":"PRESSURE BELT I-QUALITY 2860X 2930","Order_Form_ID":"3629a5fbb5a486c0322386df58a13432"},{"Customer_Name":"B","Calendar_week":30,"Amount":4.0,"PickAndPay":0,"Revenue":10934.61,"Invoice_Date":"2017-07-24","Article_Number":"111125303","Article_Name":"GLUE DAM JOINT 3X260X220","Order_Form_ID":"f2265c2f5a4cf57c91dbcce46aab5bf5"},{"Customer_Name":"B","Calendar_week":30,"Amount":4.0,"PickAndPay":0,"Revenue":6299.7,"Invoice_Date":"2017-07-24","Article_Number":"111125199","Article_Name":"GLUE DAM JOINT 3X128X197","Order_Form_ID":"f2265c2f5a4cf57c91dbcce46aab5bf5"},{"Customer_Name":"B","Calendar_week":30,"Amount":4.0,"PickAndPay":0,"Revenue":6307.39,"Invoice_Date":"2017-07-24","Article_Number":"111125198","Article_Name":"GLUE DAM JOINT 3X128X197","Order_Form_ID":"f2265c2f5a4cf57c91dbcce46aab5bf5"},{"Customer_Name":"B","Calendar_week":30,"Amount":1.0,"PickAndPay":0,"Revenue":197.86,"Invoice_Date":"2017-07-24","Article_Number":"118308200","Article_Name":"PACKING CHARGES (CARTON) 350X60X350 MM","Order_Form_ID":"f2265c2f5a4cf57c91dbcce46aab5bf5"},{"Customer_Name":"B","Calendar_week":30,"Amount":20.0,"PickAndPay":0,"Revenue":16079.02,"Invoice_Date":"2017-07-25","Article_Number":"104581529","Article_Name":"SEALING RING 60X  50X  7","Order_Form_ID":"45bff0e2648bcfa819c2d7fa1f1328bc"},{"Customer_Name":"B","Calendar_week":30,"Amount":1.0,"PickAndPay":0,"Revenue":197.86,"Invoice_Date":"2017-07-25","Article_Number":"110991000","Article_Name":"PACKING CHARGES (CARTON) 200X200X80","Order_Form_ID":"45bff0e2648bcfa819c2d7fa1f1328bc"},{"Customer_Name":"B","Calendar_week":31,"Amount":4.0,"PickAndPay":0,"Revenue":304.21,"Invoice_Date":"2017-08-03","Article_Number":"113878200","Article_Name":"FLAT PACKING 42X56X2","Order_Form_ID":"805b88aef34489388e691310709825bd"},{"Customer_Name":"B","Calendar_week":31,"Amount":1.0,"PickAndPay":0,"Revenue":9566.89,"Invoice_Date":"2017-08-03","Article_Number":"114514000","Article_Name":"SUPPORT 55X95X230","Order_Form_ID":"805b88aef34489388e691310709825bd"},{"Customer_Name":"B","Calendar_week":31,"Amount":2.0,"PickAndPay":0,"Revenue":74.75,"Invoice_Date":"2017-08-03","Article_Number":"104980200","Article_Name":"SUPPORTING PLATE S 42X52X2,5","Order_Form_ID":"805b88aef34489388e691310709825bd"},{"Customer_Name":"B","Calendar_week":31,"Amount":2.0,"PickAndPay":0,"Revenue":3196.02,"Invoice_Date":"2017-08-03","Article_Number":"113868000","Article_Name":"COUPLING NIPPLE 65\/32X53X4","Order_Form_ID":"805b88aef34489388e691310709825bd"},{"Customer_Name":"B","Calendar_week":31,"Amount":4.0,"PickAndPay":0,"Revenue":1605.15,"Invoice_Date":"2017-08-03","Article_Number":"114519400","Article_Name":"SUPPORT RING SG38.8X45X1.4G","Order_Form_ID":"805b88aef34489388e691310709825bd"},{"Customer_Name":"B","Calendar_week":31,"Amount":2.0,"PickAndPay":0,"Revenue":807.66,"Invoice_Date":"2017-08-03","Article_Number":"131672130","Article_Name":"O-RING 37,69X3,53","Order_Form_ID":"805b88aef34489388e691310709825bd"},{"Customer_Name":"B","Calendar_week":31,"Amount":1.0,"PickAndPay":0,"Revenue":1262.47,"Invoice_Date":"2017-08-03","Article_Number":"113884201","Article_Name":"ELBOW UNION IG-AG 11\/4 PN40","Order_Form_ID":"805b88aef34489388e691310709825bd"},{"Customer_Name":"B","Calendar_week":31,"Amount":1.0,"PickAndPay":0,"Revenue":268.49,"Invoice_Date":"2017-08-03","Article_Number":"115766700","Article_Name":"SLIDE SLEEVE 28\/25X10","Order_Form_ID":"805b88aef34489388e691310709825bd"},{"Customer_Name":"B","Calendar_week":31,"Amount":2.0,"PickAndPay":0,"Revenue":151.97,"Invoice_Date":"2017-08-03","Article_Number":"113878200","Article_Name":"FLAT PACKING 42X56X2","Order_Form_ID":"805b88aef34489388e691310709825bd"},{"Customer_Name":"B","Calendar_week":31,"Amount":1.0,"PickAndPay":0,"Revenue":546.32,"Invoice_Date":"2017-08-03","Article_Number":"128195.01","Article_Name":"REDUCING NIPPLE R1 1\/4\"X1\"","Order_Form_ID":"805b88aef34489388e691310709825bd"},{"Customer_Name":"B","Calendar_week":31,"Amount":1.0,"PickAndPay":0,"Revenue":133.83,"Invoice_Date":"2017-08-03","Article_Number":"159247","Article_Name":"BUSH 25X 28X 20","Order_Form_ID":"805b88aef34489388e691310709825bd"},{"Customer_Name":"B","Calendar_week":31,"Amount":1.0,"PickAndPay":0,"Revenue":20.34,"Invoice_Date":"2017-08-03","Article_Number":"122720","Article_Name":"DISK 27 -200 HV","Order_Form_ID":"805b88aef34489388e691310709825bd"},{"Customer_Name":"B","Calendar_week":31,"Amount":2.0,"PickAndPay":0,"Revenue":2510.92,"Invoice_Date":"2017-08-03","Article_Number":"113883601","Article_Name":"SCREWED JOINT 1 1\/4\"","Order_Form_ID":"805b88aef34489388e691310709825bd"},{"Customer_Name":"B","Calendar_week":31,"Amount":1.0,"PickAndPay":0,"Revenue":2416.66,"Invoice_Date":"2017-08-03","Article_Number":"113869410","Article_Name":"CLAMPING BOLT SW32X107","Order_Form_ID":"805b88aef34489388e691310709825bd"},{"Customer_Name":"B","Calendar_week":31,"Amount":1.0,"PickAndPay":0,"Revenue":9998.62,"Invoice_Date":"2017-08-03","Article_Number":"113829310","Article_Name":"CONNECTION BL. 45X95X220","Order_Form_ID":"805b88aef34489388e691310709825bd"},{"Customer_Name":"B","Calendar_week":31,"Amount":1.0,"PickAndPay":0,"Revenue":197.86,"Invoice_Date":"2017-08-03","Article_Number":"118308700","Article_Name":"PACKING CHARGES (CARTON) 330X163X172 MM","Order_Form_ID":"805b88aef34489388e691310709825bd"},{"Customer_Name":"B","Calendar_week":32,"Amount":-2.0,"PickAndPay":0,"Revenue":-110790.24,"Invoice_Date":"2017-08-09","Article_Number":"108057014","Article_Name":"SCRAPER LEDGE 2942LG","Order_Form_ID":"ab76e5d741ef803dee67a6c9b471e532"},{"Customer_Name":"B","Calendar_week":32,"Amount":2.0,"PickAndPay":0,"Revenue":8974.13,"Invoice_Date":"2017-08-11","Article_Number":"107988610","Article_Name":"TOOTHED BELT HTD 50X8MX2000 CXP","Order_Form_ID":"9b84871d355b96da1e05f8b6cd275e62"},{"Customer_Name":"B","Calendar_week":32,"Amount":1.0,"PickAndPay":0,"Revenue":197.86,"Invoice_Date":"2017-08-11","Article_Number":"118308200","Article_Name":"PACKING CHARGES (CARTON) 350X60X350 MM","Order_Form_ID":"9b84871d355b96da1e05f8b6cd275e62"},{"Customer_Name":"B","Calendar_week":34,"Amount":8.0,"PickAndPay":0,"Revenue":3434.0,"Invoice_Date":"2017-08-22","Article_Number":"114519400","Article_Name":"SUPPORT RING SG38.8X45X1.4G","Order_Form_ID":"5756bc8ef4c243b9dada26f6aaf1cc91"},{"Customer_Name":"B","Calendar_week":34,"Amount":4.0,"PickAndPay":0,"Revenue":1727.17,"Invoice_Date":"2017-08-22","Article_Number":"131672130","Article_Name":"O-RING 37,69X3,53","Order_Form_ID":"5756bc8ef4c243b9dada26f6aaf1cc91"},{"Customer_Name":"B","Calendar_week":34,"Amount":1.0,"PickAndPay":0,"Revenue":197.86,"Invoice_Date":"2017-08-22","Article_Number":"110991000","Article_Name":"PACKING CHARGES (CARTON) 200X200X80","Order_Form_ID":"5756bc8ef4c243b9dada26f6aaf1cc91"},{"Customer_Name":"B","Calendar_week":36,"Amount":2.0,"PickAndPay":0,"Revenue":3174.31,"Invoice_Date":"2017-09-07","Article_Number":"108049306","Article_Name":"SET OF SEALS 10X113X122","Order_Form_ID":"4fa273fe7d1d298db6eae763a34e0aa0"},{"Customer_Name":"B","Calendar_week":36,"Amount":25.0,"PickAndPay":0,"Revenue":19418.21,"Invoice_Date":"2017-09-07","Article_Number":"116904600","Article_Name":"COLOUR FOR BOARD MARKING QUAL.NR.7100-93","Order_Form_ID":"4fa273fe7d1d298db6eae763a34e0aa0"},{"Customer_Name":"B","Calendar_week":36,"Amount":1.0,"PickAndPay":0,"Revenue":197.86,"Invoice_Date":"2017-09-07","Article_Number":"110991000","Article_Name":"PACKING CHARGES (CARTON) 200X200X80","Order_Form_ID":"4fa273fe7d1d298db6eae763a34e0aa0"},{"Customer_Name":"B","Calendar_week":37,"Amount":4.0,"PickAndPay":0,"Revenue":8411.87,"Invoice_Date":"2017-09-11","Article_Number":"121730200","Article_Name":"SHOCK ABSORBER D=06;H=150\/150N","Order_Form_ID":"2892f961fc2c446115ae6490e25f01ab"},{"Customer_Name":"B","Calendar_week":37,"Amount":1.0,"PickAndPay":0,"Revenue":197.86,"Invoice_Date":"2017-09-11","Article_Number":"118308200","Article_Name":"PACKING CHARGES (CARTON) 350X60X350 MM","Order_Form_ID":"2892f961fc2c446115ae6490e25f01ab"},{"Customer_Name":"B","Calendar_week":39,"Amount":100.0,"PickAndPay":0,"Revenue":2003.08,"Invoice_Date":"2017-09-27","Article_Number":"100441800","Article_Name":"SUPPORTING PLATE S 10X16X1,2","Order_Form_ID":"9eb4a904d391aee44dfa05342cc282e7"},{"Customer_Name":"B","Calendar_week":39,"Amount":100.0,"PickAndPay":0,"Revenue":2115.2,"Invoice_Date":"2017-09-27","Article_Number":"177592300","Article_Name":"PLATE SPRING 8,4X15X2","Order_Form_ID":"9eb4a904d391aee44dfa05342cc282e7"},{"Customer_Name":"B","Calendar_week":39,"Amount":1.0,"PickAndPay":0,"Revenue":197.86,"Invoice_Date":"2017-09-27","Article_Number":"110991000","Article_Name":"PACKING CHARGES (CARTON) 200X200X80","Order_Form_ID":"9eb4a904d391aee44dfa05342cc282e7"},{"Customer_Name":"B","Calendar_week":41,"Amount":30.0,"PickAndPay":0,"Revenue":8386.32,"Invoice_Date":"2017-10-12","Article_Number":"123580702","Article_Name":"SPRING","Order_Form_ID":"9cac778feead5211eae16568afdc6c05"},{"Customer_Name":"B","Calendar_week":41,"Amount":1.0,"PickAndPay":0,"Revenue":197.86,"Invoice_Date":"2017-10-12","Article_Number":"110991000","Article_Name":"PACKING CHARGES (CARTON) 200X200X80","Order_Form_ID":"9cac778feead5211eae16568afdc6c05"},{"Customer_Name":"B","Calendar_week":42,"Amount":-4.0,"PickAndPay":0,"Revenue":-303.66,"Invoice_Date":"2017-10-16","Article_Number":"113878200","Article_Name":"FLAT PACKING 42X56X2","Order_Form_ID":"b1741b7a79295e9df0a9f61c60836d18"},{"Customer_Name":"B","Calendar_week":42,"Amount":-1.0,"PickAndPay":0,"Revenue":-9277.25,"Invoice_Date":"2017-10-16","Article_Number":"114514000","Article_Name":"SUPPORT 55X95X230","Order_Form_ID":"b1741b7a79295e9df0a9f61c60836d18"},{"Customer_Name":"B","Calendar_week":42,"Amount":-2.0,"PickAndPay":0,"Revenue":-73.65,"Invoice_Date":"2017-10-16","Article_Number":"104980200","Article_Name":"SUPPORTING PLATE S 42X52X2,5","Order_Form_ID":"b1741b7a79295e9df0a9f61c60836d18"},{"Customer_Name":"B","Calendar_week":42,"Amount":-2.0,"PickAndPay":0,"Revenue":-3169.09,"Invoice_Date":"2017-10-16","Article_Number":"113868000","Article_Name":"COUPLING NIPPLE 65\/32X53X4","Order_Form_ID":"b1741b7a79295e9df0a9f61c60836d18"},{"Customer_Name":"B","Calendar_week":42,"Amount":-1.0,"PickAndPay":0,"Revenue":-1226.74,"Invoice_Date":"2017-10-16","Article_Number":"113884201","Article_Name":"ELBOW UNION IG-AG 11\/4 PN40","Order_Form_ID":"b1741b7a79295e9df0a9f61c60836d18"},{"Customer_Name":"B","Calendar_week":42,"Amount":-1.0,"PickAndPay":0,"Revenue":-268.21,"Invoice_Date":"2017-10-16","Article_Number":"115766700","Article_Name":"SLIDE SLEEVE 28\/25X10","Order_Form_ID":"b1741b7a79295e9df0a9f61c60836d18"},{"Customer_Name":"B","Calendar_week":42,"Amount":-2.0,"PickAndPay":0,"Revenue":-151.69,"Invoice_Date":"2017-10-16","Article_Number":"113878200","Article_Name":"FLAT PACKING 42X56X2","Order_Form_ID":"b1741b7a79295e9df0a9f61c60836d18"},{"Customer_Name":"B","Calendar_week":42,"Amount":-1.0,"PickAndPay":0,"Revenue":-539.17,"Invoice_Date":"2017-10-16","Article_Number":"128195.01","Article_Name":"REDUCING NIPPLE R1 1\/4\"X1\"","Order_Form_ID":"b1741b7a79295e9df0a9f61c60836d18"},{"Customer_Name":"B","Calendar_week":42,"Amount":-1.0,"PickAndPay":0,"Revenue":-133.01,"Invoice_Date":"2017-10-16","Article_Number":"159247","Article_Name":"BUSH 25X 28X 20","Order_Form_ID":"b1741b7a79295e9df0a9f61c60836d18"},{"Customer_Name":"B","Calendar_week":42,"Amount":-1.0,"PickAndPay":0,"Revenue":-18.96,"Invoice_Date":"2017-10-16","Article_Number":"122720","Article_Name":"DISK 27 -200 HV","Order_Form_ID":"b1741b7a79295e9df0a9f61c60836d18"},{"Customer_Name":"B","Calendar_week":42,"Amount":-2.0,"PickAndPay":0,"Revenue":-2453.49,"Invoice_Date":"2017-10-16","Article_Number":"113883601","Article_Name":"SCREWED JOINT 1 1\/4\"","Order_Form_ID":"b1741b7a79295e9df0a9f61c60836d18"},{"Customer_Name":"B","Calendar_week":42,"Amount":-1.0,"PickAndPay":0,"Revenue":-2402.37,"Invoice_Date":"2017-10-16","Article_Number":"113869410","Article_Name":"CLAMPING BOLT SW32X107","Order_Form_ID":"b1741b7a79295e9df0a9f61c60836d18"},{"Customer_Name":"B","Calendar_week":42,"Amount":-1.0,"PickAndPay":0,"Revenue":-9762.83,"Invoice_Date":"2017-10-16","Article_Number":"113829310","Article_Name":"CONNECTION BL. 45X95X220","Order_Form_ID":"b1741b7a79295e9df0a9f61c60836d18"},{"Customer_Name":"B","Calendar_week":42,"Amount":1.0,"PickAndPay":0,"Revenue":1151.17,"Invoice_Date":"2017-10-17","Article_Number":"108143300","Article_Name":"COUPLING G 2\"","Order_Form_ID":"6de827f709f661c1aa7cbdc12911fd7d"},{"Customer_Name":"B","Calendar_week":42,"Amount":30.0,"PickAndPay":0,"Revenue":161621.76,"Invoice_Date":"2017-10-17","Article_Number":"126292402","Article_Name":"BRUSH ROLL SEGMENT 300X203X216MM","Order_Form_ID":"6de827f709f661c1aa7cbdc12911fd7d"},{"Customer_Name":"B","Calendar_week":42,"Amount":1.0,"PickAndPay":0,"Revenue":1401.52,"Invoice_Date":"2017-10-17","Article_Number":"110680300","Article_Name":"PACKING CHARGES (PAL-BOX III) 1070X710X8","Order_Form_ID":"6de827f709f661c1aa7cbdc12911fd7d"},{"Customer_Name":"B","Calendar_week":43,"Amount":1.0,"PickAndPay":0,"Revenue":146344.36,"Invoice_Date":"2017-10-23","Article_Number":"101519181","Article_Name":"SERVOMOTOR 55,0NM;42,5A;3520UPM\/20.3KW","Order_Form_ID":"f179b5b8250e3cde96139d41dec26fa5"},{"Customer_Name":"B","Calendar_week":43,"Amount":1.0,"PickAndPay":0,"Revenue":2390.83,"Invoice_Date":"2017-10-23","Article_Number":"V00000024","Article_Name":"PACKING CHARGES (BOX)","Order_Form_ID":"f179b5b8250e3cde96139d41dec26fa5"},{"Customer_Name":"B","Calendar_week":43,"Amount":1.0,"PickAndPay":0,"Revenue":197.86,"Invoice_Date":"2017-10-23","Article_Number":"110991000","Article_Name":"PACKING CHARGES (CARTON) 200X200X80","Order_Form_ID":"7c9366991d58ca2cf52a5539257eea64"},{"Customer_Name":"B","Calendar_week":43,"Amount":5.0,"PickAndPay":0,"Revenue":66119.92,"Invoice_Date":"2017-10-27","Article_Number":"201758600","Article_Name":"ULTRA-SONIC SENSOR","Order_Form_ID":"b398f5d197c1c3501149d1a4cd2d31b2"},{"Customer_Name":"B","Calendar_week":43,"Amount":1.0,"PickAndPay":0,"Revenue":197.86,"Invoice_Date":"2017-10-27","Article_Number":"118308700","Article_Name":"PACKING CHARGES (CARTON) 330X163X172 MM","Order_Form_ID":"b398f5d197c1c3501149d1a4cd2d31b2"},{"Customer_Name":"B","Calendar_week":44,"Amount":4.0,"PickAndPay":0,"Revenue":12807.7,"Invoice_Date":"2017-11-02","Article_Number":"117101900","Article_Name":"WEAR PLATE FL 84,5X27X6","Order_Form_ID":"f01190e5e433b94871f9a6df6b420ebc"},{"Customer_Name":"B","Calendar_week":44,"Amount":1.0,"PickAndPay":0,"Revenue":197.86,"Invoice_Date":"2017-11-02","Article_Number":"110991000","Article_Name":"PACKING CHARGES (CARTON) 200X200X80","Order_Form_ID":"f01190e5e433b94871f9a6df6b420ebc"},{"Customer_Name":"B","Calendar_week":44,"Amount":24.0,"PickAndPay":0,"Revenue":91338.5,"Invoice_Date":"2017-11-03","Article_Number":"199825800","Article_Name":"PERFLU V250 HIGH TEMP 800G 400ML","Order_Form_ID":"10a9ad0f17305fc401e30ece78c7c828"},{"Customer_Name":"B","Calendar_week":44,"Amount":5.0,"PickAndPay":0,"Revenue":9445.7,"Invoice_Date":"2017-11-03","Article_Number":"105337510","Article_Name":"PROFILED JOINT 20X25X637","Order_Form_ID":"10a9ad0f17305fc401e30ece78c7c828"},{"Customer_Name":"B","Calendar_week":44,"Amount":24.0,"PickAndPay":0,"Revenue":62508.39,"Invoice_Date":"2017-11-03","Article_Number":"100335702","Article_Name":"BACOMIN V42-50 UNIVERSAL 400ML","Order_Form_ID":"10a9ad0f17305fc401e30ece78c7c828"},{"Customer_Name":"B","Calendar_week":44,"Amount":12.0,"PickAndPay":0,"Revenue":12460.07,"Invoice_Date":"2017-11-03","Article_Number":"182532","Article_Name":"BACOMIN V95 POWER 400ML","Order_Form_ID":"10a9ad0f17305fc401e30ece78c7c828"},{"Customer_Name":"B","Calendar_week":44,"Amount":1.0,"PickAndPay":0,"Revenue":1126.71,"Invoice_Date":"2017-11-03","Article_Number":"110680400","Article_Name":"PACKING CHARGES (PAL-BOX I) 830X580X680","Order_Form_ID":"10a9ad0f17305fc401e30ece78c7c828"},{"Customer_Name":"B","Calendar_week":46,"Amount":2.0,"PickAndPay":0,"Revenue":648154.87,"Invoice_Date":"2017-11-14","Article_Number":"150337628","Article_Name":"PRESSURE BELT II-QUALITY 2860X 2930","Order_Form_ID":"2a6e919d0085a2e4f9b1e22172f34e72"},{"Customer_Name":"B","Calendar_week":46,"Amount":2.0,"PickAndPay":0,"Revenue":4946.55,"Invoice_Date":"2017-11-14","Article_Number":"V00000015","Article_Name":"PACKING CHARGES (BOX) 3130X410X310MM","Order_Form_ID":"2a6e919d0085a2e4f9b1e22172f34e72"},{"Customer_Name":"B","Calendar_week":47,"Amount":250.0,"PickAndPay":0,"Revenue":4936.1,"Invoice_Date":"2017-11-20","Article_Number":"107254210","Article_Name":"FELT 46X35X10MM","Order_Form_ID":"808b8d0f93785e94bf65cccd2e9ee8f0"},{"Customer_Name":"B","Calendar_week":47,"Amount":1.0,"PickAndPay":0,"Revenue":197.86,"Invoice_Date":"2017-11-20","Article_Number":"118308200","Article_Name":"PACKING CHARGES (CARTON) 350X60X350 MM","Order_Form_ID":"808b8d0f93785e94bf65cccd2e9ee8f0"},{"Customer_Name":"B","Calendar_week":47,"Amount":1.0,"PickAndPay":0,"Revenue":5648.13,"Invoice_Date":"2017-11-20","Article_Number":"112314220","Article_Name":"LIGHT BARRIER 10-30VDC","Order_Form_ID":"e90070ca4e53c1305c355090cc3590f4"},{"Customer_Name":"B","Calendar_week":47,"Amount":1.0,"PickAndPay":0,"Revenue":335.82,"Invoice_Date":"2017-11-20","Article_Number":"P030FR001","Article_Name":"FREIGHT CHARGES","Order_Form_ID":"e90070ca4e53c1305c355090cc3590f4"},{"Customer_Name":"B","Calendar_week":51,"Amount":10.0,"PickAndPay":0,"Revenue":13251.79,"Invoice_Date":"2017-12-18","Article_Number":"140957600","Article_Name":"LUBRICATION CARTRIDGE 120-ML","Order_Form_ID":"6d3376db679e8d1d0dfe07b5cd747b52"},{"Customer_Name":"B","Calendar_week":51,"Amount":1.0,"PickAndPay":0,"Revenue":197.86,"Invoice_Date":"2017-12-18","Article_Number":"118308700","Article_Name":"PACKING CHARGES (CARTON) 330X163X172 MM","Order_Form_ID":"6d3376db679e8d1d0dfe07b5cd747b52"},{"Customer_Name":"B","Calendar_week":51,"Amount":1.0,"PickAndPay":1,"Revenue":247086.52,"Invoice_Date":"2017-12-21","Article_Number":"171115220","Article_Name":"PRESSURE BELT I-QUALITY 2860X 2930","Order_Form_ID":"f0744899e7bb12d8484983809b48e03d"},{"Customer_Name":"B","Calendar_week":51,"Amount":1.0,"PickAndPay":1,"Revenue":247086.52,"Invoice_Date":"2017-12-21","Article_Number":"171115220","Article_Name":"PRESSURE BELT I-QUALITY 2860X 2930","Order_Form_ID":"f0744899e7bb12d8484983809b48e03d"},{"Customer_Name":"B","Calendar_week":51,"Amount":28.0,"PickAndPay":1,"Revenue":15099.05,"Invoice_Date":"2017-12-21","Article_Number":"123052310","Article_Name":"NO-CRUSH-ROLLER 165X65X50","Order_Form_ID":"bc1025b6e8a4f5104ebf79fb534c8260"},{"Customer_Name":"B","Calendar_week":51,"Amount":16.0,"PickAndPay":1,"Revenue":8628.15,"Invoice_Date":"2017-12-21","Article_Number":"123052320","Article_Name":"NO-CRUSH-ROLLER 165X65X50","Order_Form_ID":"bc1025b6e8a4f5104ebf79fb534c8260"},{"Customer_Name":"B","Calendar_week":51,"Amount":1.0,"PickAndPay":0,"Revenue":8432.49,"Invoice_Date":"2017-12-22","Article_Number":"851047282","Article_Name":"COVER PLATE","Order_Form_ID":"908b9b9afea2bfb74875cf498f6c9081"},{"Customer_Name":"B","Calendar_week":51,"Amount":1.0,"PickAndPay":0,"Revenue":3908.87,"Invoice_Date":"2017-12-22","Article_Number":"851047291","Article_Name":"BRACE","Order_Form_ID":"908b9b9afea2bfb74875cf498f6c9081"},{"Customer_Name":"B","Calendar_week":51,"Amount":1.0,"PickAndPay":0,"Revenue":3908.87,"Invoice_Date":"2017-12-22","Article_Number":"851047292","Article_Name":"BRACE","Order_Form_ID":"908b9b9afea2bfb74875cf498f6c9081"},{"Customer_Name":"B","Calendar_week":51,"Amount":1.0,"PickAndPay":0,"Revenue":2967.93,"Invoice_Date":"2017-12-22","Article_Number":"V00000024","Article_Name":"PACKING CHARGES (BOX)","Order_Form_ID":"908b9b9afea2bfb74875cf498f6c9081"},{"Customer_Name":"B","Calendar_week":52,"Amount":1.0,"PickAndPay":1,"Revenue":1085.49,"Invoice_Date":"2017-12-28","Article_Number":"P030FR001","Article_Name":"FREIGHT CHARGES","Order_Form_ID":"5572e2f93b2554e2c9be25cac75cb98c"},{"Customer_Name":"B","Calendar_week":52,"Amount":1.0,"PickAndPay":1,"Revenue":395.72,"Invoice_Date":"2017-12-28","Article_Number":"P030PA001","Article_Name":"PACKING","Order_Form_ID":"5572e2f93b2554e2c9be25cac75cb98c"},{"Customer_Name":"B","Calendar_week":4,"Amount":1.0,"PickAndPay":0,"Revenue":44611.24,"Invoice_Date":"2018-01-24","Article_Number":"195629441","Article_Name":"CHUCK AB2500\/2800","Order_Form_ID":"661c5a2fda60d34d9575c6c7259024a5"},{"Customer_Name":"B","Calendar_week":4,"Amount":1.0,"PickAndPay":0,"Revenue":197.86,"Invoice_Date":"2018-01-24","Article_Number":"110991003","Article_Name":"PACKING CHARGES (CARTON) 360X360X250","Order_Form_ID":"661c5a2fda60d34d9575c6c7259024a5"},{"Customer_Name":"B","Calendar_week":8,"Amount":10.0,"PickAndPay":0,"Revenue":64283.1,"Invoice_Date":"2018-02-20","Article_Number":"206103704","Article_Name":"BRUSH 1,5X250X510","Order_Form_ID":"04c4c854db90f7ad9618f60fa743036e"},{"Customer_Name":"B","Calendar_week":8,"Amount":1.0,"PickAndPay":0,"Revenue":197.86,"Invoice_Date":"2018-02-20","Article_Number":"110991004","Article_Name":"PACKING CHARGES (CARTON) 610X410X230","Order_Form_ID":"04c4c854db90f7ad9618f60fa743036e"},{"Customer_Name":"B","Calendar_week":9,"Amount":112.0,"PickAndPay":0,"Revenue":60777.92,"Invoice_Date":"2018-03-01","Article_Number":"136481820","Article_Name":"NO-CRUSH-ROLLER 180X65X50","Order_Form_ID":"28bbcf05615f21e7087303e71c70e497"},{"Customer_Name":"B","Calendar_week":9,"Amount":1.0,"PickAndPay":0,"Revenue":1126.71,"Invoice_Date":"2018-03-01","Article_Number":"110680400","Article_Name":"PACKING CHARGES (PAL-BOX I) 830X580X680","Order_Form_ID":"28bbcf05615f21e7087303e71c70e497"},{"Customer_Name":"B","Calendar_week":10,"Amount":2.0,"PickAndPay":0,"Revenue":15941.89,"Invoice_Date":"2018-03-05","Article_Number":"206104704","Article_Name":"BRUSH 1,5X250X270","Order_Form_ID":"db9f4cd30b3f76da31d1bd5b9db65ea1"},{"Customer_Name":"B","Calendar_week":10,"Amount":1.0,"PickAndPay":0,"Revenue":197.86,"Invoice_Date":"2018-03-05","Article_Number":"118308200","Article_Name":"PACKING CHARGES (CARTON) 350X60X350 MM","Order_Form_ID":"db9f4cd30b3f76da31d1bd5b9db65ea1"},{"Customer_Name":"B","Calendar_week":10,"Amount":1.0,"PickAndPay":0,"Revenue":32067.35,"Invoice_Date":"2018-03-05","Article_Number":"166666612","Article_Name":"CONVERTER 24VDC","Order_Form_ID":"894171c54cd48b86b14dff78b90ff974"},{"Customer_Name":"B","Calendar_week":10,"Amount":1.0,"PickAndPay":0,"Revenue":115578.5,"Invoice_Date":"2018-03-05","Article_Number":"166666H2R","Article_Name":"LIGHT BARRIER ARRANGEMENT","Order_Form_ID":"894171c54cd48b86b14dff78b90ff974"},{"Customer_Name":"B","Calendar_week":10,"Amount":1.0,"PickAndPay":0,"Revenue":192.37,"Invoice_Date":"2018-03-05","Article_Number":"V00000025","Article_Name":"PACKING CHARGES (CARTON)","Order_Form_ID":"894171c54cd48b86b14dff78b90ff974"},{"Customer_Name":"B","Calendar_week":10,"Amount":1.0,"PickAndPay":0,"Revenue":197.86,"Invoice_Date":"2018-03-05","Article_Number":"118308700","Article_Name":"PACKING CHARGES (CARTON) 330X163X172 MM","Order_Form_ID":"894171c54cd48b86b14dff78b90ff974"},{"Customer_Name":"B","Calendar_week":10,"Amount":15.0,"PickAndPay":0,"Revenue":19658.12,"Invoice_Date":"2018-03-09","Article_Number":"140957600","Article_Name":"LUBRICATION CARTRIDGE 120-ML","Order_Form_ID":"2ae4b7ef972f4b4be94a04b227d4159d"},{"Customer_Name":"B","Calendar_week":10,"Amount":3.0,"PickAndPay":0,"Revenue":6923.79,"Invoice_Date":"2018-03-09","Article_Number":"248153200","Article_Name":"LUBRICATION CARTRIDGE 500-ML","Order_Form_ID":"2ae4b7ef972f4b4be94a04b227d4159d"},{"Customer_Name":"B","Calendar_week":10,"Amount":1.0,"PickAndPay":0,"Revenue":197.86,"Invoice_Date":"2018-03-09","Article_Number":"110991002","Article_Name":"PACKING CHARGES (CARTON) 300X300X200","Order_Form_ID":"2ae4b7ef972f4b4be94a04b227d4159d"},{"Customer_Name":"B","Calendar_week":10,"Amount":1.0,"PickAndPay":0,"Revenue":40004.36,"Invoice_Date":"2018-03-09","Article_Number":"109307628","Article_Name":"THREE-PHASE MOTOR 400V\/120HZ","Order_Form_ID":"a93d30457153cfdda0077fa058050d03"},{"Customer_Name":"B","Calendar_week":10,"Amount":1.0,"PickAndPay":0,"Revenue":10391.32,"Invoice_Date":"2018-03-09","Article_Number":"851017970","Article_Name":"TRANSMITTER 8-26V\/30 KHZ","Order_Form_ID":"a93d30457153cfdda0077fa058050d03"},{"Customer_Name":"B","Calendar_week":10,"Amount":1.0,"PickAndPay":0,"Revenue":2473.27,"Invoice_Date":"2018-03-09","Article_Number":"V00000012","Article_Name":"PACKING CHARGES (BOX) 790X380X380MM","Order_Form_ID":"a93d30457153cfdda0077fa058050d03"},{"Customer_Name":"B","Calendar_week":11,"Amount":1.0,"PickAndPay":0,"Revenue":10728.23,"Invoice_Date":"2018-03-13","Article_Number":"851017970","Article_Name":"TRANSMITTER 8-26V\/30 KHZ","Order_Form_ID":"4fd29a2ccf93a2e777d5cf5c0187e1b8"},{"Customer_Name":"B","Calendar_week":11,"Amount":1.0,"PickAndPay":0,"Revenue":197.86,"Invoice_Date":"2018-03-13","Article_Number":"110991000","Article_Name":"PACKING CHARGES (CARTON) 200X200X80","Order_Form_ID":"4fd29a2ccf93a2e777d5cf5c0187e1b8"},{"Customer_Name":"B","Calendar_week":14,"Amount":1.0,"PickAndPay":0,"Revenue":113847.76,"Invoice_Date":"2018-04-04","Article_Number":"166666H2L","Article_Name":"LIGHT BARRIER ARRANGEMENT","Order_Form_ID":"bd58e0b118671e9237de4087f3b14c78"},{"Customer_Name":"B","Calendar_week":14,"Amount":1.0,"PickAndPay":0,"Revenue":192.37,"Invoice_Date":"2018-04-04","Article_Number":"V00000025","Article_Name":"PACKING CHARGES (CARTON)","Order_Form_ID":"bd58e0b118671e9237de4087f3b14c78"},{"Customer_Name":"B","Calendar_week":15,"Amount":4.0,"PickAndPay":0,"Revenue":8523.72,"Invoice_Date":"2018-04-09","Article_Number":"101706200","Article_Name":"GAS PRESSURE SPRING D10\/H200\/F 800N","Order_Form_ID":"e5f0f1e464803a6351dc20087de66ba4"},{"Customer_Name":"B","Calendar_week":15,"Amount":1.0,"PickAndPay":0,"Revenue":197.86,"Invoice_Date":"2018-04-09","Article_Number":"110991006","Article_Name":"PACKING CHARGES (CARTON) 700X200X200","Order_Form_ID":"e5f0f1e464803a6351dc20087de66ba4"},{"Customer_Name":"B","Calendar_week":18,"Amount":2.0,"PickAndPay":0,"Revenue":628913.91,"Invoice_Date":"2018-05-03","Article_Number":"150337628","Article_Name":"PRESSURE BELT II-QUALITY 2860X 2930","Order_Form_ID":"74fbe20c4fe112fa085dcbcf52c24d7f"},{"Customer_Name":"B","Calendar_week":18,"Amount":2.0,"PickAndPay":0,"Revenue":4946.55,"Invoice_Date":"2018-05-03","Article_Number":"V00000015","Article_Name":"PACKING CHARGES (BOX) 3130X410X310MM","Order_Form_ID":"74fbe20c4fe112fa085dcbcf52c24d7f"},{"Customer_Name":"B","Calendar_week":19,"Amount":2.0,"PickAndPay":0,"Revenue":284473.06,"Invoice_Date":"2018-05-08","Article_Number":"151128604","Article_Name":"BHS KNIFE SET WW2800","Order_Form_ID":"3b1f0fdb7195130f268a7e494496c022"},{"Customer_Name":"B","Calendar_week":19,"Amount":1.0,"PickAndPay":0,"Revenue":1374.04,"Invoice_Date":"2018-05-08","Article_Number":"V00000008","Article_Name":"PACKING CHARGES (BOX) 2970X100X110MM","Order_Form_ID":"3b1f0fdb7195130f268a7e494496c022"},{"Customer_Name":"B","Calendar_week":19,"Amount":1.0,"PickAndPay":0,"Revenue":197.86,"Invoice_Date":"2018-05-08","Article_Number":"110991000","Article_Name":"PACKING CHARGES (CARTON) 200X200X80","Order_Form_ID":"3b1f0fdb7195130f268a7e494496c022"},{"Customer_Name":"B","Calendar_week":19,"Amount":3.0,"PickAndPay":0,"Revenue":49683.1,"Invoice_Date":"2018-05-09","Article_Number":"121970625","Article_Name":"NUT","Order_Form_ID":"7257fd65fa2dd6a94f158ca2401c33ab"},{"Customer_Name":"B","Calendar_week":19,"Amount":9.0,"PickAndPay":0,"Revenue":19091.19,"Invoice_Date":"2018-05-09","Article_Number":"101509901","Article_Name":"LINEAR BALL BEARING 30\/47\/68","Order_Form_ID":"7257fd65fa2dd6a94f158ca2401c33ab"},{"Customer_Name":"B","Calendar_week":19,"Amount":2.0,"PickAndPay":0,"Revenue":1053.06,"Invoice_Date":"2018-05-09","Article_Number":"151014101","Article_Name":"GLUE 20ML","Order_Form_ID":"7257fd65fa2dd6a94f158ca2401c33ab"},{"Customer_Name":"B","Calendar_week":19,"Amount":2.0,"PickAndPay":0,"Revenue":894.5,"Invoice_Date":"2018-05-09","Article_Number":"250429500","Article_Name":"CLEANER","Order_Form_ID":"7257fd65fa2dd6a94f158ca2401c33ab"},{"Customer_Name":"B","Calendar_week":20,"Amount":2.0,"PickAndPay":0,"Revenue":80230.76,"Invoice_Date":"2018-05-15","Article_Number":"115168420","Article_Name":"HYDRAULIC CYLINDER 50X50-R1\/2\"","Order_Form_ID":"1ce577638e92b148ed5ab42772701832"},{"Customer_Name":"B","Calendar_week":20,"Amount":1.0,"PickAndPay":0,"Revenue":197.86,"Invoice_Date":"2018-05-15","Article_Number":"118308700","Article_Name":"PACKING CHARGES (CARTON) 330X163X172 MM","Order_Form_ID":"1ce577638e92b148ed5ab42772701832"},{"Customer_Name":"B","Calendar_week":20,"Amount":24.0,"PickAndPay":0,"Revenue":91128.83,"Invoice_Date":"2018-05-16","Article_Number":"199825800","Article_Name":"PERFLU V250 HIGH TEMP 800G 400ML","Order_Form_ID":"8fbd15ad7ca7333c35406c64813666fd"},{"Customer_Name":"B","Calendar_week":20,"Amount":1.0,"PickAndPay":0,"Revenue":47635.78,"Invoice_Date":"2018-05-16","Article_Number":"110031020","Article_Name":"HYDRAULIC CYLINDER 100X40-R1\/2\"","Order_Form_ID":"8fbd15ad7ca7333c35406c64813666fd"},{"Customer_Name":"B","Calendar_week":20,"Amount":1.0,"PickAndPay":0,"Revenue":31424.58,"Invoice_Date":"2018-05-16","Article_Number":"111475620","Article_Name":"HYDRAULIC CYLINDER 40X70-R3\/8\"","Order_Form_ID":"8fbd15ad7ca7333c35406c64813666fd"},{"Customer_Name":"B","Calendar_week":20,"Amount":1.0,"PickAndPay":0,"Revenue":1126.71,"Invoice_Date":"2018-05-16","Article_Number":"110680400","Article_Name":"PACKING CHARGES (PAL-BOX I) 830X580X680","Order_Form_ID":"8fbd15ad7ca7333c35406c64813666fd"},{"Customer_Name":"B","Calendar_week":21,"Amount":20.0,"PickAndPay":0,"Revenue":4987.22,"Invoice_Date":"2018-05-21","Article_Number":"142697106","Article_Name":"FLAT SPRING 0,5X10X17X116","Order_Form_ID":"ab22fe1200e9a5f48e4416e330157322"},{"Customer_Name":"B","Calendar_week":21,"Amount":1.0,"PickAndPay":0,"Revenue":197.86,"Invoice_Date":"2018-05-21","Article_Number":"110991000","Article_Name":"PACKING CHARGES (CARTON) 200X200X80","Order_Form_ID":"ab22fe1200e9a5f48e4416e330157322"},{"Customer_Name":"B","Calendar_week":21,"Amount":-3.0,"PickAndPay":0,"Revenue":-49683.1,"Invoice_Date":"2018-05-27","Article_Number":"121970625","Article_Name":"NUT","Order_Form_ID":"5dfa31ed9f31c0d97cac2ac9c4210604"},{"Customer_Name":"B","Calendar_week":21,"Amount":-9.0,"PickAndPay":0,"Revenue":-19091.19,"Invoice_Date":"2018-05-27","Article_Number":"101509901","Article_Name":"LINEAR BALL BEARING 30\/47\/68","Order_Form_ID":"5dfa31ed9f31c0d97cac2ac9c4210604"},{"Customer_Name":"B","Calendar_week":21,"Amount":-2.0,"PickAndPay":0,"Revenue":-1053.06,"Invoice_Date":"2018-05-27","Article_Number":"151014101","Article_Name":"GLUE 20ML","Order_Form_ID":"5dfa31ed9f31c0d97cac2ac9c4210604"},{"Customer_Name":"B","Calendar_week":21,"Amount":-2.0,"PickAndPay":0,"Revenue":-894.5,"Invoice_Date":"2018-05-27","Article_Number":"250429500","Article_Name":"CLEANER","Order_Form_ID":"5dfa31ed9f31c0d97cac2ac9c4210604"},{"Customer_Name":"B","Calendar_week":22,"Amount":1.0,"PickAndPay":0,"Revenue":12682.94,"Invoice_Date":"2018-05-29","Article_Number":"147177211","Article_Name":"CONTROL VALVE","Order_Form_ID":"567691b8a3ff80edb7ce9880536c0104"},{"Customer_Name":"B","Calendar_week":22,"Amount":1.0,"PickAndPay":0,"Revenue":2979.47,"Invoice_Date":"2018-05-29","Article_Number":"147177212","Article_Name":"FEELER PLATE","Order_Form_ID":"567691b8a3ff80edb7ce9880536c0104"},{"Customer_Name":"B","Calendar_week":22,"Amount":2.0,"PickAndPay":0,"Revenue":2870.1,"Invoice_Date":"2018-05-29","Article_Number":"147177215","Article_Name":"SUPPORT","Order_Form_ID":"567691b8a3ff80edb7ce9880536c0104"},{"Customer_Name":"B","Calendar_week":22,"Amount":1.0,"PickAndPay":0,"Revenue":197.86,"Invoice_Date":"2018-05-29","Article_Number":"118308700","Article_Name":"PACKING CHARGES (CARTON) 330X163X172 MM","Order_Form_ID":"567691b8a3ff80edb7ce9880536c0104"},{"Customer_Name":"B","Calendar_week":22,"Amount":2.0,"PickAndPay":0,"Revenue":79993.88,"Invoice_Date":"2018-05-30","Article_Number":"172217720","Article_Name":"SERVOMOTOR 5,0NM;4,80A;4000UPM, 2,08KW","Order_Form_ID":"558aff508a547381baa8c205344d376b"},{"Customer_Name":"B","Calendar_week":22,"Amount":2.0,"PickAndPay":0,"Revenue":5775.92,"Invoice_Date":"2018-05-30","Article_Number":"122744501","Article_Name":"TOOTHED BELT WHEEL 5MX48X16H7X35","Order_Form_ID":"558aff508a547381baa8c205344d376b"},{"Customer_Name":"B","Calendar_week":22,"Amount":2.0,"PickAndPay":0,"Revenue":37.92,"Invoice_Date":"2018-05-30","Article_Number":"101519700","Article_Name":"KEY A  5X 5X 22","Order_Form_ID":"558aff508a547381baa8c205344d376b"},{"Customer_Name":"B","Calendar_week":22,"Amount":2.0,"PickAndPay":0,"Revenue":1523.26,"Invoice_Date":"2018-05-30","Article_Number":"101626509","Article_Name":"TOOTHED BELT WHEEL 5X24X19H7X42","Order_Form_ID":"558aff508a547381baa8c205344d376b"},{"Customer_Name":"B","Calendar_week":22,"Amount":2.0,"PickAndPay":0,"Revenue":123.66,"Invoice_Date":"2018-05-30","Article_Number":"122708","Article_Name":"DISK 10-200 HV","Order_Form_ID":"558aff508a547381baa8c205344d376b"},{"Customer_Name":"B","Calendar_week":22,"Amount":2.0,"PickAndPay":0,"Revenue":37.92,"Invoice_Date":"2018-05-30","Article_Number":"118421","Article_Name":"CHEESE-HEAD SCREW M10X25","Order_Form_ID":"558aff508a547381baa8c205344d376b"},{"Customer_Name":"B","Calendar_week":22,"Amount":1.0,"PickAndPay":0,"Revenue":197.86,"Invoice_Date":"2018-05-30","Article_Number":"110991001","Article_Name":"PACKING CHARGES (CARTON) 200X200X150","Order_Form_ID":"558aff508a547381baa8c205344d376b"},{"Customer_Name":"B","Calendar_week":22,"Amount":1.0,"PickAndPay":0,"Revenue":22214.11,"Invoice_Date":"2018-05-30","Article_Number":"P030FR001","Article_Name":"FREIGHT CHARGES","Order_Form_ID":"558aff508a547381baa8c205344d376b"},{"Customer_Name":"B","Calendar_week":22,"Amount":1.0,"PickAndPay":0,"Revenue":5496.16,"Invoice_Date":"2018-05-30","Article_Number":"P030SF002","Article_Name":"EXTRA COSTS SPECIALTRANSTPORT","Order_Form_ID":"558aff508a547381baa8c205344d376b"},{"Customer_Name":"B","Calendar_week":23,"Amount":100.0,"PickAndPay":0,"Revenue":2243.26,"Invoice_Date":"2018-06-04","Article_Number":"113583300","Article_Name":"PRESSURE SPRING 0,90X9,1X19,7","Order_Form_ID":"3b93b3c01f40fc08f6669eb3ff81a981"},{"Customer_Name":"B","Calendar_week":23,"Amount":1.0,"PickAndPay":0,"Revenue":197.86,"Invoice_Date":"2018-06-04","Article_Number":"110991000","Article_Name":"PACKING CHARGES (CARTON) 200X200X80","Order_Form_ID":"3b93b3c01f40fc08f6669eb3ff81a981"},{"Customer_Name":"B","Calendar_week":23,"Amount":104.0,"PickAndPay":0,"Revenue":61846.1,"Invoice_Date":"2018-06-07","Article_Number":"104581595","Article_Name":"BRAKE LINING CORRUDUR® 64X5X10","Order_Form_ID":"19a6950c8fd2922e94e9fcfedcf63763"},{"Customer_Name":"B","Calendar_week":23,"Amount":1.0,"PickAndPay":0,"Revenue":197.86,"Invoice_Date":"2018-06-07","Article_Number":"110991003","Article_Name":"PACKING CHARGES (CARTON) 360X360X250","Order_Form_ID":"19a6950c8fd2922e94e9fcfedcf63763"},{"Customer_Name":"B","Calendar_week":23,"Amount":32.0,"PickAndPay":0,"Revenue":18096.11,"Invoice_Date":"2018-06-07","Article_Number":"123052320","Article_Name":"NO-CRUSH-ROLLER 165X65X50","Order_Form_ID":"484217c1ec65f56c4d1846b6e33822b2"},{"Customer_Name":"B","Calendar_week":23,"Amount":1.0,"PickAndPay":0,"Revenue":197.86,"Invoice_Date":"2018-06-07","Article_Number":"110991005","Article_Name":"PACKING CHARGES (CARTON) 600X400X400","Order_Form_ID":"484217c1ec65f56c4d1846b6e33822b2"},{"Customer_Name":"B","Calendar_week":25,"Amount":1.0,"PickAndPay":0,"Revenue":26046.31,"Invoice_Date":"2018-06-18","Article_Number":"248154000","Article_Name":"LUBRICATION SYSTEM","Order_Form_ID":"6394b2b42b79edcf4c19fa505eb631c9"},{"Customer_Name":"B","Calendar_week":25,"Amount":1.0,"PickAndPay":0,"Revenue":197.86,"Invoice_Date":"2018-06-18","Article_Number":"110991001","Article_Name":"PACKING CHARGES (CARTON) 200X200X150","Order_Form_ID":"6394b2b42b79edcf4c19fa505eb631c9"},{"Customer_Name":"B","Calendar_week":26,"Amount":50.0,"PickAndPay":0,"Revenue":20079.68,"Invoice_Date":"2018-06-26","Article_Number":"114519400","Article_Name":"SUPPORT RING SG38.8X45X1.4G","Order_Form_ID":"cf13603d6ae4a5c92a93ca2e3160f5fb"},{"Customer_Name":"B","Calendar_week":26,"Amount":1.0,"PickAndPay":0,"Revenue":1089.89,"Invoice_Date":"2018-06-26","Article_Number":"105450501","Article_Name":"TOOTHED BELT GT 30X 8X1440","Order_Form_ID":"cf13603d6ae4a5c92a93ca2e3160f5fb"},{"Customer_Name":"B","Calendar_week":26,"Amount":2.0,"PickAndPay":0,"Revenue":2576.6,"Invoice_Date":"2018-06-26","Article_Number":"126054505","Article_Name":"TOOTHED BELT GT 30X 8X2000","Order_Form_ID":"cf13603d6ae4a5c92a93ca2e3160f5fb"},{"Customer_Name":"B","Calendar_week":26,"Amount":1.0,"PickAndPay":0,"Revenue":197.86,"Invoice_Date":"2018-06-26","Article_Number":"118308200","Article_Name":"PACKING CHARGES (CARTON) 350X60X350 MM","Order_Form_ID":"cf13603d6ae4a5c92a93ca2e3160f5fb"},{"Customer_Name":"B","Calendar_week":26,"Amount":10.0,"PickAndPay":0,"Revenue":11325.39,"Invoice_Date":"2018-06-26","Article_Number":"109307627","Article_Name":"RUBBER BUFFER 25\/40X46","Order_Form_ID":"31c9247096dcdb906bfaaa5c5258f469"},{"Customer_Name":"B","Calendar_week":26,"Amount":1.0,"PickAndPay":0,"Revenue":197.86,"Invoice_Date":"2018-06-26","Article_Number":"110991000","Article_Name":"PACKING CHARGES (CARTON) 200X200X80","Order_Form_ID":"31c9247096dcdb906bfaaa5c5258f469"},{"Customer_Name":"B","Calendar_week":26,"Amount":2.0,"PickAndPay":0,"Revenue":129200.46,"Invoice_Date":"2018-06-28","Article_Number":"135650501","Article_Name":"CONVEYOR BELT 3000X 4240","Order_Form_ID":"b1194a3fb75490476b5efcd52081324e"},{"Customer_Name":"B","Calendar_week":26,"Amount":2.0,"PickAndPay":0,"Revenue":5496.16,"Invoice_Date":"2018-06-28","Article_Number":"V00000003","Article_Name":"PACKING CHARGES (BOX) 3100X340X430MM","Order_Form_ID":"b1194a3fb75490476b5efcd52081324e"},{"Customer_Name":"B","Calendar_week":27,"Amount":4.0,"PickAndPay":0,"Revenue":4913.29,"Invoice_Date":"2018-07-02","Article_Number":"101702202","Article_Name":"SEALING RING 131\/111X10","Order_Form_ID":"d639bd8276135d70a4a297356ab63f7e"},{"Customer_Name":"B","Calendar_week":27,"Amount":1.0,"PickAndPay":0,"Revenue":203164.77,"Invoice_Date":"2018-07-02","Article_Number":"101608599","Article_Name":"CARDAN SHAFT LZ=745;V=55","Order_Form_ID":"d639bd8276135d70a4a297356ab63f7e"},{"Customer_Name":"B","Calendar_week":27,"Amount":1.0,"PickAndPay":0,"Revenue":6305.75,"Invoice_Date":"2018-07-02","Article_Number":"152017700","Article_Name":"PLATE 25X200X310","Order_Form_ID":"d639bd8276135d70a4a297356ab63f7e"},{"Customer_Name":"B","Calendar_week":27,"Amount":1.0,"PickAndPay":0,"Revenue":8478.1,"Invoice_Date":"2018-07-02","Article_Number":"103442599","Article_Name":"GUIDE 310X212 DI=131","Order_Form_ID":"d639bd8276135d70a4a297356ab63f7e"},{"Customer_Name":"B","Calendar_week":27,"Amount":1.0,"PickAndPay":0,"Revenue":1126.71,"Invoice_Date":"2018-07-02","Article_Number":"110680400","Article_Name":"PACKING CHARGES (PAL-BOX I) 830X580X680","Order_Form_ID":"d639bd8276135d70a4a297356ab63f7e"},{"Customer_Name":"B","Calendar_week":27,"Amount":84.0,"PickAndPay":0,"Revenue":45969.07,"Invoice_Date":"2018-07-04","Article_Number":"136481820","Article_Name":"NO-CRUSH-ROLLER 180X65X50","Order_Form_ID":"88aac8ea8073d0a569d90a501a748b57"},{"Customer_Name":"B","Calendar_week":27,"Amount":1.0,"PickAndPay":0,"Revenue":1126.71,"Invoice_Date":"2018-07-04","Article_Number":"110680400","Article_Name":"PACKING CHARGES (PAL-BOX I) 830X580X680","Order_Form_ID":"88aac8ea8073d0a569d90a501a748b57"},{"Customer_Name":"B","Calendar_week":27,"Amount":1.0,"PickAndPay":0,"Revenue":31384.18,"Invoice_Date":"2018-07-06","Article_Number":"BSP3000012","Article_Name":"Spare Part Repair","Order_Form_ID":"299ceee43b25ea8a5e260e9208ff9f3b"},{"Customer_Name":"B","Calendar_week":27,"Amount":1.0,"PickAndPay":0,"Revenue":671.63,"Invoice_Date":"2018-07-06","Article_Number":"P030FR001","Article_Name":"FREIGHT CHARGES","Order_Form_ID":"299ceee43b25ea8a5e260e9208ff9f3b"},{"Customer_Name":"B","Calendar_week":29,"Amount":1.0,"PickAndPay":0,"Revenue":69102.68,"Invoice_Date":"2018-07-20","Article_Number":"147177220","Article_Name":"BELT RUN CONTROLLER","Order_Form_ID":"9c425cfc02e28a557ae7022870999288"},{"Customer_Name":"B","Calendar_week":29,"Amount":10.0,"PickAndPay":0,"Revenue":12992.93,"Invoice_Date":"2018-07-20","Article_Number":"140957600","Article_Name":"LUBRICATION CARTRIDGE 120-ML","Order_Form_ID":"9c425cfc02e28a557ae7022870999288"},{"Customer_Name":"B","Calendar_week":29,"Amount":1.0,"PickAndPay":0,"Revenue":1099.23,"Invoice_Date":"2018-07-20","Article_Number":"V00000024","Article_Name":"PACKING CHARGES (BOX)","Order_Form_ID":"9c425cfc02e28a557ae7022870999288"},{"Customer_Name":"B","Calendar_week":29,"Amount":1.0,"PickAndPay":0,"Revenue":197.86,"Invoice_Date":"2018-07-20","Article_Number":"110991002","Article_Name":"PACKING CHARGES (CARTON) 300X300X200","Order_Form_ID":"9c425cfc02e28a557ae7022870999288"},{"Customer_Name":"B","Calendar_week":30,"Amount":50.0,"PickAndPay":0,"Revenue":38280.49,"Invoice_Date":"2018-07-24","Article_Number":"116904600","Article_Name":"COLOUR FOR BOARD MARKING QUAL.NR.7100-93","Order_Form_ID":"59e47ca707efba097b1645658658fe07"},{"Customer_Name":"B","Calendar_week":30,"Amount":13.0,"PickAndPay":0,"Revenue":31321.52,"Invoice_Date":"2018-07-24","Article_Number":"106887100","Article_Name":"AXIAL BALL-AND-SOCKET JOINT 10X30X9,5","Order_Form_ID":"b36529ad4433a48b924e3ef24cc12dc6"},{"Customer_Name":"B","Calendar_week":30,"Amount":50.0,"PickAndPay":0,"Revenue":4056.44,"Invoice_Date":"2018-07-24","Article_Number":"107971800","Article_Name":"PRESSURE SPRING 2,50X16,0X41,0","Order_Form_ID":"b36529ad4433a48b924e3ef24cc12dc6"},{"Customer_Name":"B","Calendar_week":30,"Amount":1.0,"PickAndPay":0,"Revenue":197.86,"Invoice_Date":"2018-07-24","Article_Number":"110991001","Article_Name":"PACKING CHARGES (CARTON) 200X200X150","Order_Form_ID":"b36529ad4433a48b924e3ef24cc12dc6"},{"Customer_Name":"B","Calendar_week":30,"Amount":1.0,"PickAndPay":0,"Revenue":119589.6,"Invoice_Date":"2018-07-25","Article_Number":"851063418","Article_Name":"TOUCH PANEL TFT 12,1\"","Order_Form_ID":"0d8b87791a96960d1c5eb98ad7522599"},{"Customer_Name":"B","Calendar_week":30,"Amount":1.0,"PickAndPay":0,"Revenue":197.86,"Invoice_Date":"2018-07-25","Article_Number":"110991004","Article_Name":"PACKING CHARGES (CARTON) 610X410X230","Order_Form_ID":"0d8b87791a96960d1c5eb98ad7522599"},{"Customer_Name":"B","Calendar_week":30,"Amount":1.0,"PickAndPay":0,"Revenue":4065.24,"Invoice_Date":"2018-07-25","Article_Number":"226384801","Article_Name":"LIGHT BARRIER B12X H91X T12","Order_Form_ID":"e0c310563cacc6fa99f548286d02853e"},{"Customer_Name":"B","Calendar_week":30,"Amount":1.0,"PickAndPay":0,"Revenue":4576.65,"Invoice_Date":"2018-07-25","Article_Number":"226384811","Article_Name":"LIGHT BARRIER B12X H91X T12","Order_Form_ID":"e0c310563cacc6fa99f548286d02853e"},{"Customer_Name":"B","Calendar_week":30,"Amount":1.0,"PickAndPay":0,"Revenue":197.86,"Invoice_Date":"2018-07-25","Article_Number":"110991000","Article_Name":"PACKING CHARGES (CARTON) 200X200X80","Order_Form_ID":"e0c310563cacc6fa99f548286d02853e"},{"Customer_Name":"B","Calendar_week":30,"Amount":37.0,"PickAndPay":0,"Revenue":89239.79,"Invoice_Date":"2018-07-27","Article_Number":"106887100","Article_Name":"AXIAL BALL-AND-SOCKET JOINT 10X30X9,5","Order_Form_ID":"5b5cac6dc91910a9bac7df5814ac8153"},{"Customer_Name":"B","Calendar_week":30,"Amount":1.0,"PickAndPay":0,"Revenue":197.86,"Invoice_Date":"2018-07-27","Article_Number":"110991001","Article_Name":"PACKING CHARGES (CARTON) 200X200X150","Order_Form_ID":"5b5cac6dc91910a9bac7df5814ac8153"},{"Customer_Name":"B","Calendar_week":32,"Amount":-1.0,"PickAndPay":0,"Revenue":-38607.51,"Invoice_Date":"2018-08-07","Article_Number":"171115220","Article_Name":"PRESSURE BELT I-QUALITY 2860X 2930","Order_Form_ID":"7211ab916e8f5f5841dd6a8a871da5e7"},{"Customer_Name":"B","Calendar_week":32,"Amount":1.0,"PickAndPay":0,"Revenue":62926.37,"Invoice_Date":"2018-08-10","Article_Number":"190014707","Article_Name":"SHEET BRAKE AB 2800  LOCTEC","Order_Form_ID":"ce1f9a58cd58870f4304ca3d776e9af5"},{"Customer_Name":"B","Calendar_week":32,"Amount":1.0,"PickAndPay":0,"Revenue":62926.37,"Invoice_Date":"2018-08-10","Article_Number":"190014708","Article_Name":"SHEET BRAKE AB 2800  LOCTEC","Order_Form_ID":"ce1f9a58cd58870f4304ca3d776e9af5"},{"Customer_Name":"B","Calendar_week":32,"Amount":1.0,"PickAndPay":0,"Revenue":41801.6,"Invoice_Date":"2018-08-10","Article_Number":"190014700","Article_Name":"BRUSH AB 2800","Order_Form_ID":"ce1f9a58cd58870f4304ca3d776e9af5"},{"Customer_Name":"B","Calendar_week":32,"Amount":1.0,"PickAndPay":0,"Revenue":7694.63,"Invoice_Date":"2018-08-10","Article_Number":"V00000024","Article_Name":"PACKING CHARGES (BOX)","Order_Form_ID":"ce1f9a58cd58870f4304ca3d776e9af5"},{"Customer_Name":"B","Calendar_week":33,"Amount":96.0,"PickAndPay":0,"Revenue":2039.63,"Invoice_Date":"2018-08-13","Article_Number":"177592300","Article_Name":"PLATE SPRING 8,4X15X2","Order_Form_ID":"9cef9bbabf8a13aa21ed9132e406c1f0"},{"Customer_Name":"B","Calendar_week":33,"Amount":96.0,"PickAndPay":0,"Revenue":1927.5,"Invoice_Date":"2018-08-13","Article_Number":"100441800","Article_Name":"SUPPORTING PLATE S 10X16X1,2","Order_Form_ID":"9cef9bbabf8a13aa21ed9132e406c1f0"},{"Customer_Name":"B","Calendar_week":33,"Amount":1.0,"PickAndPay":0,"Revenue":197.86,"Invoice_Date":"2018-08-13","Article_Number":"110991000","Article_Name":"PACKING CHARGES (CARTON) 200X200X80","Order_Form_ID":"9cef9bbabf8a13aa21ed9132e406c1f0"},{"Customer_Name":"B","Calendar_week":33,"Amount":1.0,"PickAndPay":0,"Revenue":138754.44,"Invoice_Date":"2018-08-16","Article_Number":"151128604","Article_Name":"BHS KNIFE SET WW2800","Order_Form_ID":"cefe4409ac02ba3b966757ad4a7bb362"},{"Customer_Name":"B","Calendar_week":33,"Amount":1.0,"PickAndPay":0,"Revenue":1374.04,"Invoice_Date":"2018-08-16","Article_Number":"V00000008","Article_Name":"PACKING CHARGES (BOX) 2970X100X110MM","Order_Form_ID":"cefe4409ac02ba3b966757ad4a7bb362"},{"Customer_Name":"B","Calendar_week":33,"Amount":1.0,"PickAndPay":0,"Revenue":197.86,"Invoice_Date":"2018-08-16","Article_Number":"110991000","Article_Name":"PACKING CHARGES (CARTON) 200X200X80","Order_Form_ID":"cefe4409ac02ba3b966757ad4a7bb362"},{"Customer_Name":"B","Calendar_week":34,"Amount":84.0,"PickAndPay":0,"Revenue":44009.41,"Invoice_Date":"2018-08-24","Article_Number":"136481820","Article_Name":"NO-CRUSH-ROLLER 180X65X50","Order_Form_ID":"8b970b86cd631bff8d9d8d55a0ae9352"},{"Customer_Name":"B","Calendar_week":34,"Amount":56.0,"PickAndPay":0,"Revenue":30198.38,"Invoice_Date":"2018-08-24","Article_Number":"123052310","Article_Name":"NO-CRUSH-ROLLER 165X65X50","Order_Form_ID":"8b970b86cd631bff8d9d8d55a0ae9352"},{"Customer_Name":"B","Calendar_week":34,"Amount":1.0,"PickAndPay":0,"Revenue":1126.71,"Invoice_Date":"2018-08-24","Article_Number":"110680200","Article_Name":"PACKING CHARGES (PAL-BOX II) 1070X710X52","Order_Form_ID":"8b970b86cd631bff8d9d8d55a0ae9352"},{"Customer_Name":"B","Calendar_week":34,"Amount":1.0,"PickAndPay":0,"Revenue":1580.42,"Invoice_Date":"2018-08-24","Article_Number":"P030FR001","Article_Name":"FREIGHT CHARGES","Order_Form_ID":"8b970b86cd631bff8d9d8d55a0ae9352"},{"Customer_Name":"B","Calendar_week":35,"Amount":2.0,"PickAndPay":0,"Revenue":5549.47,"Invoice_Date":"2018-08-30","Article_Number":"163600457","Article_Name":"SCRAPER BLADE 2860X50X1,5","Order_Form_ID":"ba3059dec48473691ca50d2969805599"},{"Customer_Name":"B","Calendar_week":35,"Amount":1.0,"PickAndPay":0,"Revenue":197.86,"Invoice_Date":"2018-08-30","Article_Number":"110991009","Article_Name":"PACKING CHARGES (CARTON) 800X120X120","Order_Form_ID":"ba3059dec48473691ca50d2969805599"},{"Customer_Name":"B","Calendar_week":35,"Amount":1.0,"PickAndPay":0,"Revenue":4936.1,"Invoice_Date":"2018-08-31","Article_Number":"105450100","Article_Name":"TENSION PULLEY 60X  60X  70","Order_Form_ID":"98ca244b8555b544ced3a6e700c52bf8"},{"Customer_Name":"B","Calendar_week":35,"Amount":1.0,"PickAndPay":0,"Revenue":197.86,"Invoice_Date":"2018-08-31","Article_Number":"110991000","Article_Name":"PACKING CHARGES (CARTON) 200X200X80","Order_Form_ID":"98ca244b8555b544ced3a6e700c52bf8"},{"Customer_Name":"B","Calendar_week":36,"Amount":2.0,"PickAndPay":0,"Revenue":21190.45,"Invoice_Date":"2018-09-05","Article_Number":"154579000","Article_Name":"PNEUMATIC CYLINDER 20X 20-M 5  DW","Order_Form_ID":"645265a0b21eddae78cb5d4527c9dd55"},{"Customer_Name":"B","Calendar_week":36,"Amount":1.0,"PickAndPay":0,"Revenue":197.86,"Invoice_Date":"2018-09-05","Article_Number":"110991000","Article_Name":"PACKING CHARGES (CARTON) 200X200X80","Order_Form_ID":"645265a0b21eddae78cb5d4527c9dd55"},{"Customer_Name":"B","Calendar_week":37,"Amount":4.0,"PickAndPay":0,"Revenue":8634.47,"Invoice_Date":"2018-09-13","Article_Number":"108224110","Article_Name":"SEAL 10X173X100,5","Order_Form_ID":"79a15e245b4ce599d952caf91a394599"},{"Customer_Name":"B","Calendar_week":37,"Amount":4.0,"PickAndPay":0,"Revenue":10937.91,"Invoice_Date":"2018-09-13","Article_Number":"111125303","Article_Name":"GLUE DAM JOINT 3X260X220","Order_Form_ID":"79a15e245b4ce599d952caf91a394599"},{"Customer_Name":"B","Calendar_week":37,"Amount":2.0,"PickAndPay":0,"Revenue":3150.4,"Invoice_Date":"2018-09-13","Article_Number":"111125199","Article_Name":"GLUE DAM JOINT 3X128X197","Order_Form_ID":"79a15e245b4ce599d952caf91a394599"},{"Customer_Name":"B","Calendar_week":37,"Amount":2.0,"PickAndPay":0,"Revenue":3154.25,"Invoice_Date":"2018-09-13","Article_Number":"111125198","Article_Name":"GLUE DAM JOINT 3X128X197","Order_Form_ID":"79a15e245b4ce599d952caf91a394599"},{"Customer_Name":"B","Calendar_week":37,"Amount":1.0,"PickAndPay":0,"Revenue":1097.31,"Invoice_Date":"2018-09-13","Article_Number":"851023185","Article_Name":"BACOMIN V-100 500ML","Order_Form_ID":"79a15e245b4ce599d952caf91a394599"},{"Customer_Name":"B","Calendar_week":37,"Amount":1.0,"PickAndPay":0,"Revenue":197.86,"Invoice_Date":"2018-09-13","Article_Number":"110991002","Article_Name":"PACKING CHARGES (CARTON) 300X300X200","Order_Form_ID":"79a15e245b4ce599d952caf91a394599"},{"Customer_Name":"B","Calendar_week":38,"Amount":4.0,"PickAndPay":0,"Revenue":8523.72,"Invoice_Date":"2018-09-19","Article_Number":"101706200","Article_Name":"GAS PRESSURE SPRING D10\/H200\/F 800N","Order_Form_ID":"0ef30dd8e0a7816e61ba20ff2a5ff361"},{"Customer_Name":"B","Calendar_week":38,"Amount":1.0,"PickAndPay":0,"Revenue":197.86,"Invoice_Date":"2018-09-19","Article_Number":"110991006","Article_Name":"PACKING CHARGES (CARTON) 700X200X200","Order_Form_ID":"0ef30dd8e0a7816e61ba20ff2a5ff361"},{"Customer_Name":"B","Calendar_week":39,"Amount":2.0,"PickAndPay":0,"Revenue":21088.22,"Invoice_Date":"2018-09-25","Article_Number":"104581570","Article_Name":"VENTILATOR","Order_Form_ID":"0573e377e9e464116e3263bb110d2e52"},{"Customer_Name":"B","Calendar_week":39,"Amount":1.0,"PickAndPay":0,"Revenue":197.86,"Invoice_Date":"2018-09-25","Article_Number":"110991002","Article_Name":"PACKING CHARGES (CARTON) 300X300X200","Order_Form_ID":"0573e377e9e464116e3263bb110d2e52"},{"Customer_Name":"B","Calendar_week":39,"Amount":1.0,"PickAndPay":0,"Revenue":17445.37,"Invoice_Date":"2018-09-25","Article_Number":"184122301","Article_Name":"CONVEYOR BELT 2920X 1575","Order_Form_ID":"de3312a635f9de6c23d0695b54288e67"},{"Customer_Name":"B","Calendar_week":39,"Amount":1.0,"PickAndPay":0,"Revenue":1923.66,"Invoice_Date":"2018-09-25","Article_Number":"V00000002","Article_Name":"PACKING CHARGES (BOX) 3100X240X330MM","Order_Form_ID":"de3312a635f9de6c23d0695b54288e67"},{"Customer_Name":"B","Calendar_week":41,"Amount":1.0,"PickAndPay":0,"Revenue":21984.64,"Invoice_Date":"2018-10-09","Article_Number":"BSP3000012","Article_Name":"Spare Part Repair","Order_Form_ID":"3ee48ff94dc789cd4970e043488f452f"},{"Customer_Name":"B","Calendar_week":41,"Amount":1.0,"PickAndPay":0,"Revenue":335.82,"Invoice_Date":"2018-10-09","Article_Number":"P030FR001","Article_Name":"FREIGHT CHARGES","Order_Form_ID":"3ee48ff94dc789cd4970e043488f452f"},{"Customer_Name":"B","Calendar_week":41,"Amount":1.0,"PickAndPay":0,"Revenue":197.86,"Invoice_Date":"2018-10-09","Article_Number":"P030PA001","Article_Name":"PACKING","Order_Form_ID":"3ee48ff94dc789cd4970e043488f452f"},{"Customer_Name":"B","Calendar_week":42,"Amount":12.0,"PickAndPay":0,"Revenue":45587.08,"Invoice_Date":"2018-10-17","Article_Number":"199825802","Article_Name":"PERFLU H1 HIGH TEMP 0,8KG","Order_Form_ID":"dadd1ded4109d79e6166da373d7e88e3"},{"Customer_Name":"B","Calendar_week":42,"Amount":12.0,"PickAndPay":0,"Revenue":31212.7,"Invoice_Date":"2018-10-17","Article_Number":"100335702","Article_Name":"BACOMIN V42-50 UNIVERSAL 400ML","Order_Form_ID":"dadd1ded4109d79e6166da373d7e88e3"},{"Customer_Name":"B","Calendar_week":42,"Amount":12.0,"PickAndPay":0,"Revenue":12418.3,"Invoice_Date":"2018-10-17","Article_Number":"182532","Article_Name":"BACOMIN V95 POWER 400ML","Order_Form_ID":"dadd1ded4109d79e6166da373d7e88e3"},{"Customer_Name":"B","Calendar_week":42,"Amount":1.0,"PickAndPay":0,"Revenue":197.86,"Invoice_Date":"2018-10-17","Article_Number":"110991005","Article_Name":"PACKING CHARGES (CARTON) 600X400X400","Order_Form_ID":"dadd1ded4109d79e6166da373d7e88e3"},{"Customer_Name":"B","Calendar_week":42,"Amount":50.0,"PickAndPay":1,"Revenue":36674.51,"Invoice_Date":"2018-10-18","Article_Number":"116904600","Article_Name":"COLOUR FOR BOARD MARKING QUAL.NR.7100-93","Order_Form_ID":"6eb537fcd5a6a939829f4dd141c4c7d1"},{"Customer_Name":"B","Calendar_week":43,"Amount":10.0,"PickAndPay":0,"Revenue":4976.77,"Invoice_Date":"2018-10-23","Article_Number":"220673400","Article_Name":"CHEESE-HEAD SCREW M20X240","Order_Form_ID":"27c002e514fe316738fd62169f341d3a"},{"Customer_Name":"B","Calendar_week":43,"Amount":1.0,"PickAndPay":0,"Revenue":197.86,"Invoice_Date":"2018-10-23","Article_Number":"118308700","Article_Name":"PACKING CHARGES (CARTON) 330X163X172 MM","Order_Form_ID":"27c002e514fe316738fd62169f341d3a"},{"Customer_Name":"B","Calendar_week":43,"Amount":10.0,"PickAndPay":0,"Revenue":9510.83,"Invoice_Date":"2018-10-26","Article_Number":"108508399","Article_Name":"PRESSURE SHOE, COMPLETE","Order_Form_ID":"1967bdcf009b056dc29fd43b6e96ec2f"},{"Customer_Name":"B","Calendar_week":43,"Amount":1.0,"PickAndPay":0,"Revenue":197.86,"Invoice_Date":"2018-10-26","Article_Number":"110991000","Article_Name":"PACKING CHARGES (CARTON) 200X200X80","Order_Form_ID":"1967bdcf009b056dc29fd43b6e96ec2f"},{"Customer_Name":"B","Calendar_week":45,"Amount":6.0,"PickAndPay":0,"Revenue":2750.0,"Invoice_Date":"2018-11-08","Article_Number":"220673400","Article_Name":"CHEESE-HEAD SCREW M20X240","Order_Form_ID":"816bc8349b4cf9425b7a9eab59b6c6af"},{"Customer_Name":"B","Calendar_week":45,"Amount":100.0,"PickAndPay":0,"Revenue":1899.75,"Invoice_Date":"2018-11-08","Article_Number":"103542702","Article_Name":"PRESSURE SPRING 0,70X7,3X41,0","Order_Form_ID":"816bc8349b4cf9425b7a9eab59b6c6af"},{"Customer_Name":"B","Calendar_week":45,"Amount":1.0,"PickAndPay":0,"Revenue":197.86,"Invoice_Date":"2018-11-08","Article_Number":"118308700","Article_Name":"PACKING CHARGES (CARTON) 330X163X172 MM","Order_Form_ID":"816bc8349b4cf9425b7a9eab59b6c6af"},{"Customer_Name":"B","Calendar_week":46,"Amount":1.0,"PickAndPay":0,"Revenue":9852.42,"Invoice_Date":"2018-11-15","Article_Number":"111513865","Article_Name":"VALVE 24V","Order_Form_ID":"2c745b6acaec0f70bbadf91991fbf6c7"},{"Customer_Name":"B","Calendar_week":46,"Amount":1.0,"PickAndPay":0,"Revenue":20380.59,"Invoice_Date":"2018-11-15","Article_Number":"111513868","Article_Name":"VALVE","Order_Form_ID":"2c745b6acaec0f70bbadf91991fbf6c7"},{"Customer_Name":"B","Calendar_week":46,"Amount":1.0,"PickAndPay":0,"Revenue":1793.67,"Invoice_Date":"2018-11-15","Article_Number":"851065960","Article_Name":"CHECK VALVE","Order_Form_ID":"2c745b6acaec0f70bbadf91991fbf6c7"},{"Customer_Name":"B","Calendar_week":46,"Amount":1.0,"PickAndPay":0,"Revenue":197.86,"Invoice_Date":"2018-11-15","Article_Number":"110991000","Article_Name":"PACKING CHARGES (CARTON) 200X200X80","Order_Form_ID":"2c745b6acaec0f70bbadf91991fbf6c7"},{"Customer_Name":"B","Calendar_week":50,"Amount":50.0,"PickAndPay":0,"Revenue":20414.39,"Invoice_Date":"2018-12-13","Article_Number":"114519400","Article_Name":"SUPPORT RING SG38.8X45X1.4G","Order_Form_ID":"6ed529beafebec301e46b40ce296c304"},{"Customer_Name":"B","Calendar_week":50,"Amount":1.0,"PickAndPay":0,"Revenue":197.86,"Invoice_Date":"2018-12-13","Article_Number":"110991000","Article_Name":"PACKING CHARGES (CARTON) 200X200X80","Order_Form_ID":"6ed529beafebec301e46b40ce296c304"},{"Customer_Name":"B","Calendar_week":50,"Amount":4.0,"PickAndPay":1,"Revenue":20956.86,"Invoice_Date":"2018-12-14","Article_Number":"105303965","Article_Name":"DISC CUT KNIFE 240X1,2\/0,35MM,20°","Order_Form_ID":"ab718a4272fb6195c4630159261887d0"},{"Customer_Name":"B","Calendar_week":50,"Amount":10.0,"PickAndPay":1,"Revenue":12880.8,"Invoice_Date":"2018-12-14","Article_Number":"105406991","Article_Name":"GRINDING WHEEL 50X11X19MM","Order_Form_ID":"ab718a4272fb6195c4630159261887d0"},{"Customer_Name":"B","Calendar_week":50,"Amount":250.0,"PickAndPay":1,"Revenue":4600.29,"Invoice_Date":"2018-12-14","Article_Number":"107254210","Article_Name":"FELT 46X35X10MM","Order_Form_ID":"ab718a4272fb6195c4630159261887d0"},{"Customer_Name":"B","Calendar_week":50,"Amount":1.0,"PickAndPay":1,"Revenue":247086.52,"Invoice_Date":"2018-12-14","Article_Number":"171115220","Article_Name":"PRESSURE BELT I-QUALITY 2860X 2930","Order_Form_ID":"ab718a4272fb6195c4630159261887d0"},{"Customer_Name":"B","Calendar_week":52,"Amount":1.0,"PickAndPay":0,"Revenue":324345.78,"Invoice_Date":"2018-12-28","Article_Number":"150337628","Article_Name":"PRESSURE BELT II-QUALITY 2860X 2930","Order_Form_ID":"874fc064a6c4077e1835329eaa26141a"},{"Customer_Name":"B","Calendar_week":52,"Amount":1.0,"PickAndPay":0,"Revenue":2473.27,"Invoice_Date":"2018-12-28","Article_Number":"V00000015","Article_Name":"PACKING CHARGES (BOX) 3130X410X310MM","Order_Form_ID":"874fc064a6c4077e1835329eaa26141a"},{"Customer_Name":"B","Calendar_week":2,"Amount":8.0,"PickAndPay":0,"Revenue":3343.04,"Invoice_Date":"2019-01-11","Article_Number":"188574220","Article_Name":"PLUG 8POL","Order_Form_ID":"089df4c6e856a6e0564dce6515415fd4"},{"Customer_Name":"B","Calendar_week":2,"Amount":10.0,"PickAndPay":0,"Revenue":763.69,"Invoice_Date":"2019-01-11","Article_Number":"150343","Article_Name":"SEALING RING 38,0X46,0X2,0","Order_Form_ID":"089df4c6e856a6e0564dce6515415fd4"},{"Customer_Name":"B","Calendar_week":2,"Amount":12.0,"PickAndPay":0,"Revenue":45779.18,"Invoice_Date":"2019-01-11","Article_Number":"199825802","Article_Name":"PERFLU H1 HIGH TEMP 0,8KG","Order_Form_ID":"089df4c6e856a6e0564dce6515415fd4"},{"Customer_Name":"B","Calendar_week":2,"Amount":1.0,"PickAndPay":0,"Revenue":197.86,"Invoice_Date":"2019-01-11","Article_Number":"110991002","Article_Name":"PACKING CHARGES (CARTON) 300X300X200","Order_Form_ID":"089df4c6e856a6e0564dce6515415fd4"},{"Customer_Name":"B","Calendar_week":3,"Amount":2.0,"PickAndPay":0,"Revenue":20679.31,"Invoice_Date":"2019-01-14","Article_Number":"171504500","Article_Name":"SEAL 33X68X172LG","Order_Form_ID":"7a21492325c6e355f5716d25af280eec"},{"Customer_Name":"B","Calendar_week":3,"Amount":1.0,"PickAndPay":0,"Revenue":197.86,"Invoice_Date":"2019-01-14","Article_Number":"110991000","Article_Name":"PACKING CHARGES (CARTON) 200X200X80","Order_Form_ID":"7a21492325c6e355f5716d25af280eec"},{"Customer_Name":"B","Calendar_week":3,"Amount":4.0,"PickAndPay":0,"Revenue":1213.55,"Invoice_Date":"2019-01-15","Article_Number":"110658000","Article_Name":"TOOTHED BELT 15X 5X 500","Order_Form_ID":"35b6ca1577f15258a5d5cfc321c4b042"},{"Customer_Name":"B","Calendar_week":3,"Amount":2.0,"PickAndPay":0,"Revenue":1050.04,"Invoice_Date":"2019-01-15","Article_Number":"117712401","Article_Name":"TOOTHED BELT GT 30X8X720","Order_Form_ID":"35b6ca1577f15258a5d5cfc321c4b042"},{"Customer_Name":"B","Calendar_week":3,"Amount":4.0,"PickAndPay":0,"Revenue":77.5,"Invoice_Date":"2019-01-15","Article_Number":"101519700","Article_Name":"KEY A  5X 5X 22","Order_Form_ID":"35b6ca1577f15258a5d5cfc321c4b042"},{"Customer_Name":"B","Calendar_week":3,"Amount":4.0,"PickAndPay":0,"Revenue":11717.82,"Invoice_Date":"2019-01-15","Article_Number":"122744501","Article_Name":"TOOTHED BELT WHEEL 5MX48X16H7X35","Order_Form_ID":"35b6ca1577f15258a5d5cfc321c4b042"},{"Customer_Name":"B","Calendar_week":3,"Amount":1.0,"PickAndPay":0,"Revenue":197.86,"Invoice_Date":"2019-01-15","Article_Number":"110991000","Article_Name":"PACKING CHARGES (CARTON) 200X200X80","Order_Form_ID":"35b6ca1577f15258a5d5cfc321c4b042"},{"Customer_Name":"B","Calendar_week":3,"Amount":4.0,"PickAndPay":0,"Revenue":18532.51,"Invoice_Date":"2019-01-18","Article_Number":"108006603","Article_Name":"LOWERING BRAKE VALVE","Order_Form_ID":"827739c3105e93b8f12b03446ec2759e"},{"Customer_Name":"B","Calendar_week":3,"Amount":1.0,"PickAndPay":0,"Revenue":197.86,"Invoice_Date":"2019-01-18","Article_Number":"110991000","Article_Name":"PACKING CHARGES (CARTON) 200X200X80","Order_Form_ID":"827739c3105e93b8f12b03446ec2759e"},{"Customer_Name":"B","Calendar_week":4,"Amount":1.0,"PickAndPay":0,"Revenue":103506.46,"Invoice_Date":"2019-01-24","Article_Number":"851014828","Article_Name":"GEAR MOTOR","Order_Form_ID":"5d50a746bd6e65f5be63f6cfeb5df5f1"},{"Customer_Name":"B","Calendar_week":4,"Amount":1.0,"PickAndPay":0,"Revenue":8945.0,"Invoice_Date":"2019-01-24","Article_Number":"851014990","Article_Name":"TORQUE SUPPORT 46X310X156","Order_Form_ID":"5d50a746bd6e65f5be63f6cfeb5df5f1"},{"Customer_Name":"B","Calendar_week":4,"Amount":2.0,"PickAndPay":0,"Revenue":414.14,"Invoice_Date":"2019-01-24","Article_Number":"106831500","Article_Name":"DISK 44\/18X10","Order_Form_ID":"5d50a746bd6e65f5be63f6cfeb5df5f1"},{"Customer_Name":"B","Calendar_week":4,"Amount":1.0,"PickAndPay":0,"Revenue":2606.83,"Invoice_Date":"2019-01-24","Article_Number":"115490703","Article_Name":"BOLT RD55X102","Order_Form_ID":"5d50a746bd6e65f5be63f6cfeb5df5f1"},{"Customer_Name":"B","Calendar_week":4,"Amount":1.0,"PickAndPay":0,"Revenue":18.96,"Invoice_Date":"2019-01-24","Article_Number":"138266","Article_Name":"SEEGER CIRCLIP RING 45X1,75","Order_Form_ID":"5d50a746bd6e65f5be63f6cfeb5df5f1"},{"Customer_Name":"B","Calendar_week":4,"Amount":6.0,"PickAndPay":0,"Revenue":113.5,"Invoice_Date":"2019-01-24","Article_Number":"117286","Article_Name":"HEXAGONAL SCREW M12X30","Order_Form_ID":"5d50a746bd6e65f5be63f6cfeb5df5f1"},{"Customer_Name":"B","Calendar_week":4,"Amount":1.0,"PickAndPay":0,"Revenue":36.82,"Invoice_Date":"2019-01-24","Article_Number":"117383","Article_Name":"HEXAGONAL SCREW M16X50","Order_Form_ID":"5d50a746bd6e65f5be63f6cfeb5df5f1"},{"Customer_Name":"B","Calendar_week":4,"Amount":1.0,"PickAndPay":0,"Revenue":22686.78,"Invoice_Date":"2019-01-24","Article_Number":"P030FR001","Article_Name":"FREIGHT CHARGES","Order_Form_ID":"5d50a746bd6e65f5be63f6cfeb5df5f1"},{"Customer_Name":"B","Calendar_week":4,"Amount":17.0,"PickAndPay":0,"Revenue":9783.17,"Invoice_Date":"2019-01-25","Article_Number":"123052320","Article_Name":"NO-CRUSH-ROLLER 165X65X50","Order_Form_ID":"4c30648918a7b61ca2ba99209649768b"},{"Customer_Name":"B","Calendar_week":4,"Amount":1.0,"PickAndPay":0,"Revenue":197.86,"Invoice_Date":"2019-01-25","Article_Number":"110991004","Article_Name":"PACKING CHARGES (CARTON) 610X410X230","Order_Form_ID":"4c30648918a7b61ca2ba99209649768b"},{"Customer_Name":"B","Calendar_week":4,"Amount":1.0,"PickAndPay":0,"Revenue":3530.46,"Invoice_Date":"2019-01-25","Article_Number":"186251","Article_Name":"4\/3 WAY VALVE G1\/8 - QN 300","Order_Form_ID":"9547a9c404aa5373587bf4105277bf45"},{"Customer_Name":"B","Calendar_week":4,"Amount":1.0,"PickAndPay":0,"Revenue":197.86,"Invoice_Date":"2019-01-25","Article_Number":"110991000","Article_Name":"PACKING CHARGES (CARTON) 200X200X80","Order_Form_ID":"9547a9c404aa5373587bf4105277bf45"},{"Customer_Name":"B","Calendar_week":6,"Amount":2.0,"PickAndPay":0,"Revenue":1810.71,"Invoice_Date":"2019-02-08","Article_Number":"553374","Article_Name":"SEALING ELEMENT RAD.288.5X260","Order_Form_ID":"c4e027bcde866392c2694742c60427bb"},{"Customer_Name":"B","Calendar_week":6,"Amount":2.0,"PickAndPay":0,"Revenue":1561.18,"Invoice_Date":"2019-02-08","Article_Number":"553632","Article_Name":"SEALING ELEMENT 5X80X40X2","Order_Form_ID":"c4e027bcde866392c2694742c60427bb"},{"Customer_Name":"B","Calendar_week":6,"Amount":1.0,"PickAndPay":0,"Revenue":197.86,"Invoice_Date":"2019-02-08","Article_Number":"118308700","Article_Name":"PACKING CHARGES (CARTON) 330X163X172 MM","Order_Form_ID":"c4e027bcde866392c2694742c60427bb"},{"Customer_Name":"B","Calendar_week":6,"Amount":21.0,"PickAndPay":1,"Revenue":11002.22,"Invoice_Date":"2019-02-08","Article_Number":"136481820","Article_Name":"NO-CRUSH-ROLLER 180X65X50","Order_Form_ID":"add3ad480401aa7b89d38abe85ee3724"},{"Customer_Name":"B","Calendar_week":7,"Amount":30.0,"PickAndPay":0,"Revenue":159360.92,"Invoice_Date":"2019-02-13","Article_Number":"126292402","Article_Name":"BRUSH ROLL SEGMENT 300X203X216MM","Order_Form_ID":"2efeff6ac74e86737b228061e9ed236f"},{"Customer_Name":"B","Calendar_week":7,"Amount":1.0,"PickAndPay":0,"Revenue":1401.52,"Invoice_Date":"2019-02-13","Article_Number":"110680300","Article_Name":"PACKING CHARGES (PAL-BOX III) 1070X710X8","Order_Form_ID":"2efeff6ac74e86737b228061e9ed236f"},{"Customer_Name":"B","Calendar_week":8,"Amount":10.0,"PickAndPay":1,"Revenue":90.14,"Invoice_Date":"2019-02-18","Article_Number":"140957600","Article_Name":"LUBRICATION CARTRIDGE 120-ML","Order_Form_ID":"d898946b3a9682a78fc6c1e4a8933349"},{"Customer_Name":"B","Calendar_week":8,"Amount":21.0,"PickAndPay":1,"Revenue":581.49,"Invoice_Date":"2019-02-18","Article_Number":"136481820","Article_Name":"NO-CRUSH-ROLLER 180X65X50","Order_Form_ID":"d898946b3a9682a78fc6c1e4a8933349"},{"Customer_Name":"B","Calendar_week":8,"Amount":1.0,"PickAndPay":1,"Revenue":197.86,"Invoice_Date":"2019-02-18","Article_Number":"110991004","Article_Name":"PACKING CHARGES (CARTON) 610X410X230","Order_Form_ID":"d898946b3a9682a78fc6c1e4a8933349"},{"Customer_Name":"B","Calendar_week":8,"Amount":4.0,"PickAndPay":0,"Revenue":3036.08,"Invoice_Date":"2019-02-18","Article_Number":"553374","Article_Name":"SEALING ELEMENT RAD.288.5X260","Order_Form_ID":"6b4cf2f885dea1d1546f595f6f77a743"},{"Customer_Name":"B","Calendar_week":8,"Amount":2.0,"PickAndPay":0,"Revenue":642251.17,"Invoice_Date":"2019-02-18","Article_Number":"150337628","Article_Name":"PRESSURE BELT II-QUALITY 2860X 2930","Order_Form_ID":"6b4cf2f885dea1d1546f595f6f77a743"},{"Customer_Name":"B","Calendar_week":8,"Amount":2.0,"PickAndPay":0,"Revenue":4946.55,"Invoice_Date":"2019-02-18","Article_Number":"V00000015","Article_Name":"PACKING CHARGES (BOX) 3130X410X310MM","Order_Form_ID":"6b4cf2f885dea1d1546f595f6f77a743"},{"Customer_Name":"B","Calendar_week":8,"Amount":1.0,"PickAndPay":0,"Revenue":197.86,"Invoice_Date":"2019-02-18","Article_Number":"118308700","Article_Name":"PACKING CHARGES (CARTON) 330X163X172 MM","Order_Form_ID":"6b4cf2f885dea1d1546f595f6f77a743"},{"Customer_Name":"B","Calendar_week":8,"Amount":4.0,"PickAndPay":0,"Revenue":18196.69,"Invoice_Date":"2019-02-18","Article_Number":"108006603","Article_Name":"LOWERING BRAKE VALVE","Order_Form_ID":"fc0e31b5c0d12526a445848284c060ca"},{"Customer_Name":"B","Calendar_week":8,"Amount":1.0,"PickAndPay":0,"Revenue":197.86,"Invoice_Date":"2019-02-18","Article_Number":"110991000","Article_Name":"PACKING CHARGES (CARTON) 200X200X80","Order_Form_ID":"fc0e31b5c0d12526a445848284c060ca"},{"Customer_Name":"B","Calendar_week":8,"Amount":1.0,"PickAndPay":0,"Revenue":335.82,"Invoice_Date":"2019-02-18","Article_Number":"P030FR001","Article_Name":"FREIGHT CHARGES","Order_Form_ID":"fc0e31b5c0d12526a445848284c060ca"},{"Customer_Name":"B","Calendar_week":8,"Amount":6.0,"PickAndPay":0,"Revenue":12449.9,"Invoice_Date":"2019-02-19","Article_Number":"121730200","Article_Name":"SHOCK ABSORBER D=06;H=150\/150N","Order_Form_ID":"16e377c22042b4287594c078ea06f4f1"},{"Customer_Name":"B","Calendar_week":8,"Amount":1.0,"PickAndPay":0,"Revenue":197.86,"Invoice_Date":"2019-02-19","Article_Number":"118308700","Article_Name":"PACKING CHARGES (CARTON) 330X163X172 MM","Order_Form_ID":"16e377c22042b4287594c078ea06f4f1"},{"Customer_Name":"B","Calendar_week":9,"Amount":4.0,"PickAndPay":0,"Revenue":11249.27,"Invoice_Date":"2019-02-25","Article_Number":"178049","Article_Name":"LIMIT SWITCH SPIRALFEDER","Order_Form_ID":"8a58cbadb1321c0c36c7b2a8eaa125a7"},{"Customer_Name":"B","Calendar_week":9,"Amount":2.0,"PickAndPay":0,"Revenue":6312.07,"Invoice_Date":"2019-02-25","Article_Number":"104055300","Article_Name":"SHOCK ABSORBER HUB 10MM","Order_Form_ID":"8a58cbadb1321c0c36c7b2a8eaa125a7"},{"Customer_Name":"B","Calendar_week":9,"Amount":1.0,"PickAndPay":0,"Revenue":197.86,"Invoice_Date":"2019-02-25","Article_Number":"118308700","Article_Name":"PACKING CHARGES (CARTON) 330X163X172 MM","Order_Form_ID":"8a58cbadb1321c0c36c7b2a8eaa125a7"},{"Customer_Name":"B","Calendar_week":9,"Amount":2.0,"PickAndPay":0,"Revenue":5207.89,"Invoice_Date":"2019-02-26","Article_Number":"111972100","Article_Name":"PLATE BL6X90X100","Order_Form_ID":"bbd7cc49af3e1dc53fefad675c0e6636"},{"Customer_Name":"B","Calendar_week":9,"Amount":1.0,"PickAndPay":0,"Revenue":197.86,"Invoice_Date":"2019-02-26","Article_Number":"110991000","Article_Name":"PACKING CHARGES (CARTON) 200X200X80","Order_Form_ID":"bbd7cc49af3e1dc53fefad675c0e6636"},{"Customer_Name":"B","Calendar_week":9,"Amount":1.0,"PickAndPay":0,"Revenue":4606.88,"Invoice_Date":"2019-02-27","Article_Number":"111513884","Article_Name":"LOWERING BRAKE VALVE","Order_Form_ID":"0712859ec19c06190f4857cd494ce9c4"},{"Customer_Name":"B","Calendar_week":9,"Amount":1.0,"PickAndPay":0,"Revenue":5133.96,"Invoice_Date":"2019-02-27","Article_Number":"111513885","Article_Name":"LOWERING BRAKE VALVE","Order_Form_ID":"0712859ec19c06190f4857cd494ce9c4"},{"Customer_Name":"B","Calendar_week":9,"Amount":1.0,"PickAndPay":0,"Revenue":197.86,"Invoice_Date":"2019-02-27","Article_Number":"110991000","Article_Name":"PACKING CHARGES (CARTON) 200X200X80","Order_Form_ID":"0712859ec19c06190f4857cd494ce9c4"},{"Customer_Name":"B","Calendar_week":10,"Amount":2.0,"PickAndPay":0,"Revenue":6312.62,"Invoice_Date":"2019-03-06","Article_Number":"104055300","Article_Name":"SHOCK ABSORBER HUB 10MM","Order_Form_ID":"8b924218ca3dd0fa66a6b22adc552da1"},{"Customer_Name":"B","Calendar_week":10,"Amount":2.0,"PickAndPay":0,"Revenue":5166.12,"Invoice_Date":"2019-03-06","Article_Number":"111972100","Article_Name":"PLATE BL6X90X100","Order_Form_ID":"8b924218ca3dd0fa66a6b22adc552da1"},{"Customer_Name":"B","Calendar_week":10,"Amount":1.0,"PickAndPay":0,"Revenue":197.86,"Invoice_Date":"2019-03-06","Article_Number":"110991000","Article_Name":"PACKING CHARGES (CARTON) 200X200X80","Order_Form_ID":"8b924218ca3dd0fa66a6b22adc552da1"},{"Customer_Name":"B","Calendar_week":11,"Amount":4.0,"PickAndPay":0,"Revenue":12807.7,"Invoice_Date":"2019-03-11","Article_Number":"117101900","Article_Name":"WEAR PLATE FL 84,5X27X6","Order_Form_ID":"54361973337d4db26df7f38b2f703a61"},{"Customer_Name":"B","Calendar_week":11,"Amount":1.0,"PickAndPay":0,"Revenue":197.86,"Invoice_Date":"2019-03-11","Article_Number":"110991000","Article_Name":"PACKING CHARGES (CARTON) 200X200X80","Order_Form_ID":"54361973337d4db26df7f38b2f703a61"},{"Customer_Name":"B","Calendar_week":13,"Amount":1.0,"PickAndPay":0,"Revenue":4514.82,"Invoice_Date":"2019-03-26","Article_Number":"111471890","Article_Name":"INSULATING COVER 143\/36X42LG.102","Order_Form_ID":"9350505dbf0f5a611a2e8ad6d3621b4a"},{"Customer_Name":"B","Calendar_week":13,"Amount":1.0,"PickAndPay":0,"Revenue":539.45,"Invoice_Date":"2019-03-26","Article_Number":"131672110","Article_Name":"O-RING 53,57X3,53","Order_Form_ID":"9350505dbf0f5a611a2e8ad6d3621b4a"},{"Customer_Name":"B","Calendar_week":13,"Amount":10.0,"PickAndPay":0,"Revenue":765.07,"Invoice_Date":"2019-03-26","Article_Number":"114743800","Article_Name":"L-SHAPED THREAD.PIPE CONNECTION M5X0.8-4","Order_Form_ID":"9350505dbf0f5a611a2e8ad6d3621b4a"},{"Customer_Name":"B","Calendar_week":13,"Amount":10.0,"PickAndPay":0,"Revenue":1283.9,"Invoice_Date":"2019-03-26","Article_Number":"289162900","Article_Name":"PLUG-IN CONNECTION, STRAIGHT D-4","Order_Form_ID":"9350505dbf0f5a611a2e8ad6d3621b4a"},{"Customer_Name":"B","Calendar_week":13,"Amount":1.0,"PickAndPay":0,"Revenue":197.86,"Invoice_Date":"2019-03-26","Article_Number":"110991000","Article_Name":"PACKING CHARGES (CARTON) 200X200X80","Order_Form_ID":"9350505dbf0f5a611a2e8ad6d3621b4a"},{"Customer_Name":"B","Calendar_week":13,"Amount":-4.0,"PickAndPay":0,"Revenue":-18196.69,"Invoice_Date":"2019-03-27","Article_Number":"108006603","Article_Name":"LOWERING BRAKE VALVE","Order_Form_ID":"fae7b2ec60dcb74fb1384cdf553683ac"},{"Customer_Name":"B","Calendar_week":13,"Amount":-1.0,"PickAndPay":0,"Revenue":-197.86,"Invoice_Date":"2019-03-27","Article_Number":"110991000","Article_Name":"PACKING CHARGES (CARTON) 200X200X80","Order_Form_ID":"fae7b2ec60dcb74fb1384cdf553683ac"},{"Customer_Name":"B","Calendar_week":13,"Amount":-1.0,"PickAndPay":0,"Revenue":-335.82,"Invoice_Date":"2019-03-27","Article_Number":"P030FR001","Article_Name":"FREIGHT CHARGES","Order_Form_ID":"fae7b2ec60dcb74fb1384cdf553683ac"},{"Customer_Name":"B","Calendar_week":15,"Amount":10.0,"PickAndPay":1,"Revenue":13190.79,"Invoice_Date":"2019-04-08","Article_Number":"140957600","Article_Name":"LUBRICATION CARTRIDGE 120-ML","Order_Form_ID":"0d42e5543cff7ac39fd5158d6b641401"},{"Customer_Name":"B","Calendar_week":15,"Amount":20.0,"PickAndPay":1,"Revenue":615.84,"Invoice_Date":"2019-04-10","Article_Number":"140957600","Article_Name":"LUBRICATION CARTRIDGE 120-ML","Order_Form_ID":"6ba3524e9b9ae4bee309ee40e6d518e5"},{"Customer_Name":"B","Calendar_week":15,"Amount":1.0,"PickAndPay":1,"Revenue":203.36,"Invoice_Date":"2019-04-10","Article_Number":"110991004","Article_Name":"PACKING CHARGES (CARTON) 610X410X230","Order_Form_ID":"6ba3524e9b9ae4bee309ee40e6d518e5"},{"Customer_Name":"B","Calendar_week":16,"Amount":10.0,"PickAndPay":0,"Revenue":5547.28,"Invoice_Date":"2019-04-17","Article_Number":"131672110","Article_Name":"O-RING 53,57X3,53","Order_Form_ID":"a256cb37a9ec10f61f790ba9ac4d5783"},{"Customer_Name":"B","Calendar_week":16,"Amount":1.0,"PickAndPay":0,"Revenue":4501.36,"Invoice_Date":"2019-04-17","Article_Number":"111471890","Article_Name":"INSULATING COVER 143\/36X42LG.102","Order_Form_ID":"a256cb37a9ec10f61f790ba9ac4d5783"},{"Customer_Name":"B","Calendar_week":16,"Amount":2.0,"PickAndPay":0,"Revenue":4443.92,"Invoice_Date":"2019-04-17","Article_Number":"103453000","Article_Name":"FLAT BELT DISK 90X60","Order_Form_ID":"a256cb37a9ec10f61f790ba9ac4d5783"},{"Customer_Name":"B","Calendar_week":16,"Amount":2.0,"PickAndPay":0,"Revenue":78.32,"Invoice_Date":"2019-04-17","Article_Number":"138224","Article_Name":"SEEGER CIRCLIP RING 72X2,5","Order_Form_ID":"a256cb37a9ec10f61f790ba9ac4d5783"},{"Customer_Name":"B","Calendar_week":16,"Amount":2.0,"PickAndPay":0,"Revenue":12736.25,"Invoice_Date":"2019-04-17","Article_Number":"363896","Article_Name":"BOLT 45\/35X95","Order_Form_ID":"a256cb37a9ec10f61f790ba9ac4d5783"},{"Customer_Name":"B","Calendar_week":16,"Amount":1.0,"PickAndPay":0,"Revenue":203.36,"Invoice_Date":"2019-04-17","Article_Number":"110991001","Article_Name":"PACKING CHARGES (CARTON) 200X200X150","Order_Form_ID":"a256cb37a9ec10f61f790ba9ac4d5783"},{"Customer_Name":"B","Calendar_week":19,"Amount":104.0,"PickAndPay":0,"Revenue":63462.52,"Invoice_Date":"2019-05-06","Article_Number":"104581595","Article_Name":"BRAKE LINING CORRUDUR® 64X5X10","Order_Form_ID":"d5472ae3555bb2cfa7eed6f482117034"},{"Customer_Name":"B","Calendar_week":19,"Amount":1.0,"PickAndPay":0,"Revenue":203.36,"Invoice_Date":"2019-05-06","Article_Number":"110991003","Article_Name":"PACKING CHARGES (CARTON) 360X360X250","Order_Form_ID":"d5472ae3555bb2cfa7eed6f482117034"},{"Customer_Name":"B","Calendar_week":20,"Amount":12.0,"PickAndPay":0,"Revenue":47048.24,"Invoice_Date":"2019-05-14","Article_Number":"199825802","Article_Name":"PERFLU H1 HIGH TEMP 0,8KG","Order_Form_ID":"42fcd1e892bca91ed2d4e217d9db0b1c"},{"Customer_Name":"B","Calendar_week":20,"Amount":12.0,"PickAndPay":0,"Revenue":32276.76,"Invoice_Date":"2019-05-14","Article_Number":"100335702","Article_Name":"BACOMIN V42-50 UNIVERSAL 400ML","Order_Form_ID":"42fcd1e892bca91ed2d4e217d9db0b1c"},{"Customer_Name":"B","Calendar_week":20,"Amount":1.0,"PickAndPay":0,"Revenue":203.36,"Invoice_Date":"2019-05-14","Article_Number":"110991005","Article_Name":"PACKING CHARGES (CARTON) 600X400X400","Order_Form_ID":"42fcd1e892bca91ed2d4e217d9db0b1c"},{"Customer_Name":"B","Calendar_week":20,"Amount":104.0,"PickAndPay":0,"Revenue":63462.52,"Invoice_Date":"2019-05-14","Article_Number":"104581595","Article_Name":"BRAKE LINING CORRUDUR® 64X5X10","Order_Form_ID":"77c9266f22d087df24dda6fd12b84aed"},{"Customer_Name":"B","Calendar_week":20,"Amount":1.0,"PickAndPay":0,"Revenue":203.36,"Invoice_Date":"2019-05-14","Article_Number":"110991003","Article_Name":"PACKING CHARGES (CARTON) 360X360X250","Order_Form_ID":"77c9266f22d087df24dda6fd12b84aed"},{"Customer_Name":"B","Calendar_week":20,"Amount":2.0,"PickAndPay":0,"Revenue":1087.97,"Invoice_Date":"2019-05-15","Article_Number":"363895","Article_Name":"SPACER RING 42,4\/35,1X10","Order_Form_ID":"642d6b3fa9f71674aa037b153b9b6196"},{"Customer_Name":"B","Calendar_week":20,"Amount":2.0,"PickAndPay":0,"Revenue":2415.29,"Invoice_Date":"2019-05-15","Article_Number":"364313","Article_Name":"DISK 42\/14X5","Order_Form_ID":"642d6b3fa9f71674aa037b153b9b6196"},{"Customer_Name":"B","Calendar_week":20,"Amount":6.0,"PickAndPay":0,"Revenue":12846.18,"Invoice_Date":"2019-05-15","Article_Number":"101706200","Article_Name":"GAS PRESSURE SPRING D10\/H200\/F 800N","Order_Form_ID":"642d6b3fa9f71674aa037b153b9b6196"},{"Customer_Name":"B","Calendar_week":20,"Amount":1.0,"PickAndPay":0,"Revenue":203.36,"Invoice_Date":"2019-05-15","Article_Number":"110991006","Article_Name":"PACKING CHARGES (CARTON) 700X200X200","Order_Form_ID":"642d6b3fa9f71674aa037b153b9b6196"},{"Customer_Name":"B","Calendar_week":22,"Amount":1.0,"PickAndPay":0,"Revenue":333341.9,"Invoice_Date":"2019-05-28","Article_Number":"150337628","Article_Name":"PRESSURE BELT II-QUALITY 2860X 2930","Order_Form_ID":"178a9626bfac2b1dc1834ee5d29820f2"},{"Customer_Name":"B","Calendar_week":22,"Amount":1.0,"PickAndPay":0,"Revenue":2473.27,"Invoice_Date":"2019-05-28","Article_Number":"V00000015","Article_Name":"PACKING CHARGES (BOX) 3130X410X310MM","Order_Form_ID":"178a9626bfac2b1dc1834ee5d29820f2"},{"Customer_Name":"B","Calendar_week":23,"Amount":1.0,"PickAndPay":0,"Revenue":97142.73,"Invoice_Date":"2019-06-07","Article_Number":"179771201","Article_Name":"VACUUM BLOWER 11KW 105HZ","Order_Form_ID":"4670240c3ba6b9d585efa29fa74ec384"},{"Customer_Name":"B","Calendar_week":23,"Amount":1.0,"PickAndPay":0,"Revenue":5750.36,"Invoice_Date":"2019-06-07","Article_Number":"102323502","Article_Name":"FLEXIBLE HOSE D-203X 3000LG","Order_Form_ID":"4670240c3ba6b9d585efa29fa74ec384"},{"Customer_Name":"B","Calendar_week":23,"Amount":4.0,"PickAndPay":0,"Revenue":1073.4,"Invoice_Date":"2019-06-07","Article_Number":"182619800","Article_Name":"METAL-RUBBER-BUFFER D70X45-M10X27","Order_Form_ID":"4670240c3ba6b9d585efa29fa74ec384"},{"Customer_Name":"B","Calendar_week":23,"Amount":2.0,"PickAndPay":0,"Revenue":373.19,"Invoice_Date":"2019-06-07","Article_Number":"100928300","Article_Name":"HOSE CLIP 201-210 MM","Order_Form_ID":"4670240c3ba6b9d585efa29fa74ec384"},{"Customer_Name":"B","Calendar_week":23,"Amount":1.0,"PickAndPay":0,"Revenue":203.36,"Invoice_Date":"2019-06-07","Article_Number":"110991007","Article_Name":"PACKING CHARGES (CARTON) 1100X200X200","Order_Form_ID":"4670240c3ba6b9d585efa29fa74ec384"},{"Customer_Name":"B","Calendar_week":23,"Amount":1.0,"PickAndPay":0,"Revenue":23159.45,"Invoice_Date":"2019-06-07","Article_Number":"P030FR001","Article_Name":"FREIGHT CHARGES","Order_Form_ID":"4670240c3ba6b9d585efa29fa74ec384"},{"Customer_Name":"B","Calendar_week":25,"Amount":1.0,"PickAndPay":1,"Revenue":6082.6,"Invoice_Date":"2019-06-17","Article_Number":"110463301","Article_Name":"PROXIMITY SWITCH M18 5MM 10-65VDC 200MA","Order_Form_ID":"6c5c596dde66482b7a9575c5abf2e12f"},{"Customer_Name":"B","Calendar_week":25,"Amount":1.0,"PickAndPay":1,"Revenue":335.82,"Invoice_Date":"2019-06-19","Article_Number":"110463301","Article_Name":"PROXIMITY SWITCH M18 5MM 10-65VDC 200MA","Order_Form_ID":"571b51468b0d5ffe633b6c1fbcf2abce"},{"Customer_Name":"B","Calendar_week":25,"Amount":1.0,"PickAndPay":1,"Revenue":203.36,"Invoice_Date":"2019-06-19","Article_Number":"110991000","Article_Name":"PACKING CHARGES (CARTON) 200X200X80","Order_Form_ID":"571b51468b0d5ffe633b6c1fbcf2abce"},{"Customer_Name":"B","Calendar_week":26,"Amount":1.0,"PickAndPay":0,"Revenue":66854.75,"Invoice_Date":"2019-06-24","Article_Number":"135650501","Article_Name":"CONVEYOR BELT 3000X 4240","Order_Form_ID":"625dbcfca27e78cb8f324a5c62862127"},{"Customer_Name":"B","Calendar_week":26,"Amount":1.0,"PickAndPay":0,"Revenue":2748.08,"Invoice_Date":"2019-06-24","Article_Number":"V00000003","Article_Name":"PACKING CHARGES (BOX) 3100X340X430MM","Order_Form_ID":"625dbcfca27e78cb8f324a5c62862127"},{"Customer_Name":"B","Calendar_week":26,"Amount":5.0,"PickAndPay":0,"Revenue":42255.31,"Invoice_Date":"2019-06-24","Article_Number":"109980120","Article_Name":"POTENTIOMETER 1KOHM\/1000MM","Order_Form_ID":"2333811291af232ad971c24b1fe68403"},{"Customer_Name":"B","Calendar_week":26,"Amount":1.0,"PickAndPay":0,"Revenue":203.36,"Invoice_Date":"2019-06-24","Article_Number":"110991003","Article_Name":"PACKING CHARGES (CARTON) 360X360X250","Order_Form_ID":"2333811291af232ad971c24b1fe68403"},{"Customer_Name":"B","Calendar_week":12,"Amount":4.0,"PickAndPay":0,"Revenue":564.73,"Invoice_Date":"2016-03-24","Article_Number":"104581513","Article_Name":"O-RING 10X2","Order_Form_ID":"7187d77d2e5cafcc4b90d43979cfb658"},{"Customer_Name":"B","Calendar_week":12,"Amount":168.0,"PickAndPay":0,"Revenue":82115.12,"Invoice_Date":"2016-03-24","Article_Number":"104581595","Article_Name":"BRAKE LINING CORRUDUR® 64X5X10","Order_Form_ID":"7187d77d2e5cafcc4b90d43979cfb658"},{"Customer_Name":"B","Calendar_week":12,"Amount":4.0,"PickAndPay":0,"Revenue":251.17,"Invoice_Date":"2016-03-24","Article_Number":"101951401","Article_Name":"RUBBER EDGE 5X75X35","Order_Form_ID":"7187d77d2e5cafcc4b90d43979cfb658"},{"Customer_Name":"B","Calendar_week":12,"Amount":1.0,"PickAndPay":0,"Revenue":586.44,"Invoice_Date":"2016-03-24","Article_Number":"102590601","Article_Name":"SERVICE-SET G1\/4 - 63X20","Order_Form_ID":"7187d77d2e5cafcc4b90d43979cfb658"},{"Customer_Name":"B","Calendar_week":12,"Amount":33.0,"PickAndPay":0,"Revenue":4373.02,"Invoice_Date":"2016-03-24","Article_Number":"103373903","Article_Name":"FOIL 70 BR. 0,25 ST","Order_Form_ID":"7187d77d2e5cafcc4b90d43979cfb658"},{"Customer_Name":"B","Calendar_week":12,"Amount":1.0,"PickAndPay":0,"Revenue":1542.5,"Invoice_Date":"2016-03-24","Article_Number":"103423950","Article_Name":"RUBBER PLATE 200X3X2900","Order_Form_ID":"7187d77d2e5cafcc4b90d43979cfb658"},{"Customer_Name":"B","Calendar_week":12,"Amount":4.0,"PickAndPay":0,"Revenue":530.1,"Invoice_Date":"2016-03-24","Article_Number":"104230503","Article_Name":"FOAM RUBBER 60X40X12","Order_Form_ID":"7187d77d2e5cafcc4b90d43979cfb658"},{"Customer_Name":"B","Calendar_week":12,"Amount":2.0,"PickAndPay":0,"Revenue":625.46,"Invoice_Date":"2016-03-24","Article_Number":"104230550","Article_Name":"FOAM RUBBER 60X12X2850","Order_Form_ID":"7187d77d2e5cafcc4b90d43979cfb658"},{"Customer_Name":"B","Calendar_week":12,"Amount":6.0,"PickAndPay":0,"Revenue":376.76,"Invoice_Date":"2016-03-24","Article_Number":"118550500","Article_Name":"O-RING 90,00X2,00","Order_Form_ID":"7187d77d2e5cafcc4b90d43979cfb658"},{"Customer_Name":"B","Calendar_week":12,"Amount":1.0,"PickAndPay":0,"Revenue":955.78,"Invoice_Date":"2016-03-24","Article_Number":"601135","Article_Name":"GLUE 1PC=1L","Order_Form_ID":"7187d77d2e5cafcc4b90d43979cfb658"},{"Customer_Name":"B","Calendar_week":12,"Amount":20.0,"PickAndPay":0,"Revenue":1564.21,"Invoice_Date":"2016-03-24","Article_Number":"100868100","Article_Name":"RUBBER PROFILE 18.5X21.5, PACKING UNIT:","Order_Form_ID":"7187d77d2e5cafcc4b90d43979cfb658"},{"Customer_Name":"B","Calendar_week":12,"Amount":5.0,"PickAndPay":0,"Revenue":1108.03,"Invoice_Date":"2016-03-24","Article_Number":"100868500","Article_Name":"RUBBER PROFILE 26X31, PACKING UNIT: 5M","Order_Form_ID":"7187d77d2e5cafcc4b90d43979cfb658"},{"Customer_Name":"B","Calendar_week":12,"Amount":1.0,"PickAndPay":0,"Revenue":1020.91,"Invoice_Date":"2016-03-24","Article_Number":"101702202","Article_Name":"SEALING RING 131\/111X10","Order_Form_ID":"7187d77d2e5cafcc4b90d43979cfb658"},{"Customer_Name":"B","Calendar_week":12,"Amount":1.0,"PickAndPay":0,"Revenue":2606.83,"Invoice_Date":"2016-03-24","Article_Number":"102331301","Article_Name":"2\/2 WAY SOLENOID VALVE G1\/2 - NW12","Order_Form_ID":"7187d77d2e5cafcc4b90d43979cfb658"},{"Customer_Name":"B","Calendar_week":12,"Amount":1.0,"PickAndPay":0,"Revenue":27110.91,"Invoice_Date":"2016-03-24","Article_Number":"102385500","Article_Name":"ROTARY STEAM JOINT","Order_Form_ID":"7187d77d2e5cafcc4b90d43979cfb658"},{"Customer_Name":"B","Calendar_week":12,"Amount":6.0,"PickAndPay":0,"Revenue":9254.16,"Invoice_Date":"2016-03-24","Article_Number":"103560703","Article_Name":"BELT 80X2450X3","Order_Form_ID":"7187d77d2e5cafcc4b90d43979cfb658"},{"Customer_Name":"B","Calendar_week":12,"Amount":7.0,"PickAndPay":0,"Revenue":7451.15,"Invoice_Date":"2016-03-24","Article_Number":"103560708","Article_Name":"BELT 80X3X1330","Order_Form_ID":"7187d77d2e5cafcc4b90d43979cfb658"},{"Customer_Name":"B","Calendar_week":12,"Amount":2.0,"PickAndPay":0,"Revenue":3258.4,"Invoice_Date":"2016-03-24","Article_Number":"103560754","Article_Name":"BELT 80X 1750X 3","Order_Form_ID":"7187d77d2e5cafcc4b90d43979cfb658"},{"Customer_Name":"B","Calendar_week":12,"Amount":1.0,"PickAndPay":0,"Revenue":1303.41,"Invoice_Date":"2016-03-24","Article_Number":"104196402","Article_Name":"FLAT BELT 50X2,4X1920","Order_Form_ID":"7187d77d2e5cafcc4b90d43979cfb658"},{"Customer_Name":"B","Calendar_week":12,"Amount":10.0,"PickAndPay":0,"Revenue":1084.12,"Invoice_Date":"2016-03-24","Article_Number":"104212300","Article_Name":"O-RING 240,00X5,00","Order_Form_ID":"7187d77d2e5cafcc4b90d43979cfb658"},{"Customer_Name":"B","Calendar_week":12,"Amount":5.0,"PickAndPay":0,"Revenue":7711.94,"Invoice_Date":"2016-03-24","Article_Number":"105337510","Article_Name":"PROFILED JOINT 20X25X637","Order_Form_ID":"7187d77d2e5cafcc4b90d43979cfb658"},{"Customer_Name":"B","Calendar_week":12,"Amount":1.0,"PickAndPay":0,"Revenue":432.27,"Invoice_Date":"2016-03-24","Article_Number":"105899902","Article_Name":"TOOTHED BELT HTD 9X 5X1100","Order_Form_ID":"7187d77d2e5cafcc4b90d43979cfb658"},{"Customer_Name":"B","Calendar_week":12,"Amount":5.0,"PickAndPay":0,"Revenue":1108.03,"Invoice_Date":"2016-03-24","Article_Number":"106250400","Article_Name":"PROFILE FOR METAL CLAMPING 1-3 MM","Order_Form_ID":"7187d77d2e5cafcc4b90d43979cfb658"},{"Customer_Name":"B","Calendar_week":12,"Amount":12.0,"PickAndPay":0,"Revenue":795.02,"Invoice_Date":"2016-03-24","Article_Number":"106566766","Article_Name":"LOCKING PLATE FUER D=16","Order_Form_ID":"7187d77d2e5cafcc4b90d43979cfb658"},{"Customer_Name":"B","Calendar_week":12,"Amount":180.0,"PickAndPay":0,"Revenue":10557.58,"Invoice_Date":"2016-03-24","Article_Number":"106606921","Article_Name":"CLEAN-OUT FINGER BL1.0X98X90LG","Order_Form_ID":"7187d77d2e5cafcc4b90d43979cfb658"},{"Customer_Name":"B","Calendar_week":12,"Amount":4.0,"PickAndPay":0,"Revenue":4257.88,"Invoice_Date":"2016-03-24","Article_Number":"106885200","Article_Name":"RADIAL SHAFT SEAL 143X184X15","Order_Form_ID":"7187d77d2e5cafcc4b90d43979cfb658"},{"Customer_Name":"B","Calendar_week":12,"Amount":4.0,"PickAndPay":0,"Revenue":438.87,"Invoice_Date":"2016-03-24","Article_Number":"107408700","Article_Name":"FLAT SPRING 0,8X10X56","Order_Form_ID":"7187d77d2e5cafcc4b90d43979cfb658"},{"Customer_Name":"B","Calendar_week":12,"Amount":2.0,"PickAndPay":0,"Revenue":125.59,"Invoice_Date":"2016-03-24","Article_Number":"107806800","Article_Name":"O-RING 170,00X3,00","Order_Form_ID":"7187d77d2e5cafcc4b90d43979cfb658"},{"Customer_Name":"B","Calendar_week":12,"Amount":1.0,"PickAndPay":0,"Revenue":3562.61,"Invoice_Date":"2016-03-24","Article_Number":"107988610","Article_Name":"TOOTHED BELT HTD 50X8MX2000 CXP","Order_Form_ID":"7187d77d2e5cafcc4b90d43979cfb658"},{"Customer_Name":"B","Calendar_week":12,"Amount":1.0,"PickAndPay":0,"Revenue":1303.41,"Invoice_Date":"2016-03-24","Article_Number":"108049306","Article_Name":"SET OF SEALS 10X113X122","Order_Form_ID":"7187d77d2e5cafcc4b90d43979cfb658"},{"Customer_Name":"B","Calendar_week":12,"Amount":1.0,"PickAndPay":0,"Revenue":921.16,"Invoice_Date":"2016-03-24","Article_Number":"108143300","Article_Name":"COUPLING G 2\"","Order_Form_ID":"7187d77d2e5cafcc4b90d43979cfb658"},{"Customer_Name":"B","Calendar_week":12,"Amount":1.0,"PickAndPay":0,"Revenue":1672.76,"Invoice_Date":"2016-03-24","Article_Number":"108143301","Article_Name":"COUPLING G 2 1\/2\"","Order_Form_ID":"7187d77d2e5cafcc4b90d43979cfb658"},{"Customer_Name":"B","Calendar_week":12,"Amount":1.0,"PickAndPay":0,"Revenue":54.14,"Invoice_Date":"2016-03-24","Article_Number":"108143311","Article_Name":"SEAL GR. 2 1\/2\"","Order_Form_ID":"7187d77d2e5cafcc4b90d43979cfb658"},{"Customer_Name":"B","Calendar_week":12,"Amount":2.0,"PickAndPay":0,"Revenue":1564.21,"Invoice_Date":"2016-03-24","Article_Number":"108164000","Article_Name":"COUPLING G 1 1\/2\"","Order_Form_ID":"7187d77d2e5cafcc4b90d43979cfb658"},{"Customer_Name":"B","Calendar_week":12,"Amount":2.0,"PickAndPay":0,"Revenue":125.59,"Invoice_Date":"2016-03-24","Article_Number":"108164010","Article_Name":"SEAL G 1 1\/2\"","Order_Form_ID":"7187d77d2e5cafcc4b90d43979cfb658"},{"Customer_Name":"B","Calendar_week":12,"Amount":4.0,"PickAndPay":0,"Revenue":8863.11,"Invoice_Date":"2016-03-24","Article_Number":"108224010","Article_Name":"SEAL 10X245X223,5","Order_Form_ID":"7187d77d2e5cafcc4b90d43979cfb658"},{"Customer_Name":"B","Calendar_week":12,"Amount":4.0,"PickAndPay":0,"Revenue":7038.38,"Invoice_Date":"2016-03-24","Article_Number":"108224110","Article_Name":"SEAL 10X173X100,5","Order_Form_ID":"7187d77d2e5cafcc4b90d43979cfb658"},{"Customer_Name":"B","Calendar_week":12,"Amount":4.0,"PickAndPay":0,"Revenue":8863.11,"Invoice_Date":"2016-03-24","Article_Number":"108224310","Article_Name":"SEAL 15X175X71  CUZN","Order_Form_ID":"7187d77d2e5cafcc4b90d43979cfb658"},{"Customer_Name":"B","Calendar_week":12,"Amount":9.0,"PickAndPay":0,"Revenue":565.01,"Invoice_Date":"2016-03-24","Article_Number":"109611300","Article_Name":"PRESSURE SPRING 1,50X10,5X55,0","Order_Form_ID":"7187d77d2e5cafcc4b90d43979cfb658"},{"Customer_Name":"B","Calendar_week":12,"Amount":4.0,"PickAndPay":0,"Revenue":4518.39,"Invoice_Date":"2016-03-24","Article_Number":"109612522","Article_Name":"SEALING LEDGE 5,5X65X2965","Order_Form_ID":"7187d77d2e5cafcc4b90d43979cfb658"},{"Customer_Name":"B","Calendar_week":12,"Amount":2.0,"PickAndPay":0,"Revenue":442.99,"Invoice_Date":"2016-03-24","Article_Number":"110658000","Article_Name":"TOOTHED BELT 15X 5X 500","Order_Form_ID":"7187d77d2e5cafcc4b90d43979cfb658"},{"Customer_Name":"B","Calendar_week":12,"Amount":2.0,"PickAndPay":0,"Revenue":2563.41,"Invoice_Date":"2016-03-24","Article_Number":"111125198","Article_Name":"GLUE DAM JOINT 3X128X197","Order_Form_ID":"7187d77d2e5cafcc4b90d43979cfb658"},{"Customer_Name":"B","Calendar_week":12,"Amount":2.0,"PickAndPay":0,"Revenue":2563.41,"Invoice_Date":"2016-03-24","Article_Number":"111125199","Article_Name":"GLUE DAM JOINT 3X128X197","Order_Form_ID":"7187d77d2e5cafcc4b90d43979cfb658"},{"Customer_Name":"B","Calendar_week":12,"Amount":4.0,"PickAndPay":0,"Revenue":8863.11,"Invoice_Date":"2016-03-24","Article_Number":"111125303","Article_Name":"GLUE DAM JOINT 3X260X220","Order_Form_ID":"7187d77d2e5cafcc4b90d43979cfb658"},{"Customer_Name":"B","Calendar_week":12,"Amount":8.0,"PickAndPay":0,"Revenue":502.07,"Invoice_Date":"2016-03-24","Article_Number":"113878200","Article_Name":"FLAT PACKING 42X56X2","Order_Form_ID":"7187d77d2e5cafcc4b90d43979cfb658"},{"Customer_Name":"B","Calendar_week":12,"Amount":6.0,"PickAndPay":0,"Revenue":1994.01,"Invoice_Date":"2016-03-24","Article_Number":"114519400","Article_Name":"SUPPORT RING SG38.8X45X1.4G","Order_Form_ID":"7187d77d2e5cafcc4b90d43979cfb658"},{"Customer_Name":"B","Calendar_week":12,"Amount":4.0,"PickAndPay":0,"Revenue":251.17,"Invoice_Date":"2016-03-24","Article_Number":"114779700","Article_Name":"V-RING 90  X 9,0","Order_Form_ID":"7187d77d2e5cafcc4b90d43979cfb658"},{"Customer_Name":"B","Calendar_week":12,"Amount":1.0,"PickAndPay":0,"Revenue":221.77,"Invoice_Date":"2016-03-24","Article_Number":"114816800","Article_Name":"SEALING LEDGE 5,5X15X160LG","Order_Form_ID":"7187d77d2e5cafcc4b90d43979cfb658"},{"Customer_Name":"B","Calendar_week":12,"Amount":6.0,"PickAndPay":0,"Revenue":376.76,"Invoice_Date":"2016-03-24","Article_Number":"118550500","Article_Name":"O-RING 90,00X2,00","Order_Form_ID":"7187d77d2e5cafcc4b90d43979cfb658"},{"Customer_Name":"B","Calendar_week":12,"Amount":4.0,"PickAndPay":0,"Revenue":1781.31,"Invoice_Date":"2016-03-24","Article_Number":"119683300","Article_Name":"RADIAL SHAFT SEAL AS 90,0X110X 8","Order_Form_ID":"7187d77d2e5cafcc4b90d43979cfb658"},{"Customer_Name":"B","Calendar_week":12,"Amount":1.0,"PickAndPay":0,"Revenue":1672.76,"Invoice_Date":"2016-03-24","Article_Number":"119826410","Article_Name":"STEAM HOSE 1\"X350MM","Order_Form_ID":"7187d77d2e5cafcc4b90d43979cfb658"},{"Customer_Name":"B","Calendar_week":12,"Amount":1.0,"PickAndPay":0,"Revenue":5126.82,"Invoice_Date":"2016-03-24","Article_Number":"119956100","Article_Name":"STEAM HOSE 3\/4\" X 4850MM","Order_Form_ID":"7187d77d2e5cafcc4b90d43979cfb658"},{"Customer_Name":"B","Calendar_week":12,"Amount":1.0,"PickAndPay":0,"Revenue":3323.8,"Invoice_Date":"2016-03-24","Article_Number":"119957860","Article_Name":"STEAM HOSE 1\"X875MM -5\/+10","Order_Form_ID":"7187d77d2e5cafcc4b90d43979cfb658"},{"Customer_Name":"B","Calendar_week":12,"Amount":1.0,"PickAndPay":0,"Revenue":3475.77,"Invoice_Date":"2016-03-24","Article_Number":"119958260","Article_Name":"STEAM HOSE 1 1\/4\"X930MM","Order_Form_ID":"7187d77d2e5cafcc4b90d43979cfb658"},{"Customer_Name":"B","Calendar_week":12,"Amount":1.0,"PickAndPay":0,"Revenue":65105.6,"Invoice_Date":"2016-03-24","Article_Number":"121010670","Article_Name":"ROTARY STEAM JOINT JOHNSON 9500CNA-PTM-1","Order_Form_ID":"7187d77d2e5cafcc4b90d43979cfb658"},{"Customer_Name":"B","Calendar_week":12,"Amount":1.0,"PickAndPay":0,"Revenue":5105.11,"Invoice_Date":"2016-03-24","Article_Number":"121072003","Article_Name":"STEAM HOSE 1\/2\" X 4850MM","Order_Form_ID":"7187d77d2e5cafcc4b90d43979cfb658"},{"Customer_Name":"B","Calendar_week":12,"Amount":4.0,"PickAndPay":0,"Revenue":1338.32,"Invoice_Date":"2016-03-24","Article_Number":"121684600","Article_Name":"BAFFLE PLATE 135X172X1,5","Order_Form_ID":"7187d77d2e5cafcc4b90d43979cfb658"},{"Customer_Name":"B","Calendar_week":12,"Amount":2.0,"PickAndPay":0,"Revenue":7125.22,"Invoice_Date":"2016-03-24","Article_Number":"124309599","Article_Name":"FILTER ELEMENT NG100","Order_Form_ID":"7187d77d2e5cafcc4b90d43979cfb658"},{"Customer_Name":"B","Calendar_week":12,"Amount":1.0,"PickAndPay":0,"Revenue":432.27,"Invoice_Date":"2016-03-24","Article_Number":"127654810","Article_Name":"SEALING RING 50X136X2","Order_Form_ID":"7187d77d2e5cafcc4b90d43979cfb658"},{"Customer_Name":"B","Calendar_week":12,"Amount":4.0,"PickAndPay":0,"Revenue":1338.32,"Invoice_Date":"2016-03-24","Article_Number":"131672100","Article_Name":"O-RING 29,30X3,60","Order_Form_ID":"7187d77d2e5cafcc4b90d43979cfb658"},{"Customer_Name":"B","Calendar_week":12,"Amount":1.0,"PickAndPay":0,"Revenue":445.19,"Invoice_Date":"2016-03-24","Article_Number":"131672110","Article_Name":"O-RING 53,57X3,53","Order_Form_ID":"7187d77d2e5cafcc4b90d43979cfb658"},{"Customer_Name":"B","Calendar_week":12,"Amount":2.0,"PickAndPay":0,"Revenue":1733.49,"Invoice_Date":"2016-03-24","Article_Number":"131672120","Article_Name":"O-RING 50,17X5,33","Order_Form_ID":"7187d77d2e5cafcc4b90d43979cfb658"},{"Customer_Name":"B","Calendar_week":12,"Amount":6.0,"PickAndPay":0,"Revenue":2007.2,"Invoice_Date":"2016-03-24","Article_Number":"131672130","Article_Name":"O-RING 37,69X3,53","Order_Form_ID":"7187d77d2e5cafcc4b90d43979cfb658"},{"Customer_Name":"B","Calendar_week":12,"Amount":1.0,"PickAndPay":0,"Revenue":62.93,"Invoice_Date":"2016-03-24","Article_Number":"137782","Article_Name":"RADIAL SHAFT SEAL A  55,0X 70X 8","Order_Form_ID":"7187d77d2e5cafcc4b90d43979cfb658"},{"Customer_Name":"B","Calendar_week":12,"Amount":1.0,"PickAndPay":0,"Revenue":1759.6,"Invoice_Date":"2016-03-24","Article_Number":"139530","Article_Name":"STEAM HOSE 1 1\/4\"X450 DN32","Order_Form_ID":"7187d77d2e5cafcc4b90d43979cfb658"},{"Customer_Name":"B","Calendar_week":12,"Amount":1.0,"PickAndPay":0,"Revenue":1151.45,"Invoice_Date":"2016-03-24","Article_Number":"139531","Article_Name":"STEAM HOSE 3\/4\" X450","Order_Form_ID":"7187d77d2e5cafcc4b90d43979cfb658"},{"Customer_Name":"B","Calendar_week":12,"Amount":4.8,"PickAndPay":0,"Revenue":5213.66,"Invoice_Date":"2016-03-24","Article_Number":"148143400","Article_Name":"HOOK BELT FASTENER G006-SS-600W","Order_Form_ID":"7187d77d2e5cafcc4b90d43979cfb658"},{"Customer_Name":"B","Calendar_week":12,"Amount":2.0,"PickAndPay":0,"Revenue":955.78,"Invoice_Date":"2016-03-24","Article_Number":"148334300","Article_Name":"RADIAL SHAFT SEAL A 120,0X150X12","Order_Form_ID":"7187d77d2e5cafcc4b90d43979cfb658"},{"Customer_Name":"B","Calendar_week":12,"Amount":7.0,"PickAndPay":0,"Revenue":212.7,"Invoice_Date":"2016-03-24","Article_Number":"150011","Article_Name":"FLAT PACKING 3\/4\"\/ 27X38X2","Order_Form_ID":"7187d77d2e5cafcc4b90d43979cfb658"},{"Customer_Name":"B","Calendar_week":12,"Amount":8.0,"PickAndPay":0,"Revenue":243.48,"Invoice_Date":"2016-03-24","Article_Number":"150015","Article_Name":"FLAT PACKING 41X55X2","Order_Form_ID":"7187d77d2e5cafcc4b90d43979cfb658"},{"Customer_Name":"B","Calendar_week":12,"Amount":11.0,"PickAndPay":0,"Revenue":167.36,"Invoice_Date":"2016-03-24","Article_Number":"150212","Article_Name":"O-RING 39,20X3,00","Order_Form_ID":"7187d77d2e5cafcc4b90d43979cfb658"},{"Customer_Name":"B","Calendar_week":12,"Amount":4.0,"PickAndPay":0,"Revenue":251.17,"Invoice_Date":"2016-03-24","Article_Number":"150256","Article_Name":"SEALING RING 33,0X39,0X2,0","Order_Form_ID":"7187d77d2e5cafcc4b90d43979cfb658"},{"Customer_Name":"B","Calendar_week":12,"Amount":2.0,"PickAndPay":0,"Revenue":125.59,"Invoice_Date":"2016-03-24","Article_Number":"150343","Article_Name":"SEALING RING 38,0X46,0X2,0","Order_Form_ID":"7187d77d2e5cafcc4b90d43979cfb658"},{"Customer_Name":"B","Calendar_week":12,"Amount":2.0,"PickAndPay":0,"Revenue":2389.46,"Invoice_Date":"2016-03-24","Article_Number":"163270928","Article_Name":"SCRAPER BLADE CORRUDUR® 2850X50X1,5","Order_Form_ID":"7187d77d2e5cafcc4b90d43979cfb658"},{"Customer_Name":"B","Calendar_week":12,"Amount":5.0,"PickAndPay":0,"Revenue":857.95,"Invoice_Date":"2016-03-24","Article_Number":"163467601","Article_Name":"PROFILE FOR METAL CLAMPING 1-3 MM","Order_Form_ID":"7187d77d2e5cafcc4b90d43979cfb658"},{"Customer_Name":"B","Calendar_week":12,"Amount":2.0,"PickAndPay":0,"Revenue":408623.64,"Invoice_Date":"2016-03-24","Article_Number":"171115220","Article_Name":"PRESSURE BELT I-QUALITY 2860X 2930","Order_Form_ID":"7187d77d2e5cafcc4b90d43979cfb658"},{"Customer_Name":"B","Calendar_week":12,"Amount":2.0,"PickAndPay":0,"Revenue":4779.19,"Invoice_Date":"2016-03-24","Article_Number":"180002.51","Article_Name":"SET OF SEALS","Order_Form_ID":"7187d77d2e5cafcc4b90d43979cfb658"},{"Customer_Name":"B","Calendar_week":12,"Amount":1.0,"PickAndPay":0,"Revenue":2867.62,"Invoice_Date":"2016-03-24","Article_Number":"180280","Article_Name":"CONNECTING WIRE FOR BELT T 1,5 \/12 METER","Order_Form_ID":"7187d77d2e5cafcc4b90d43979cfb658"},{"Customer_Name":"B","Calendar_week":12,"Amount":1.0,"PickAndPay":0,"Revenue":23722.26,"Invoice_Date":"2016-03-24","Article_Number":"181300","Article_Name":"ROTARY STEAM JOINT R 1 1\/4\"","Order_Form_ID":"7187d77d2e5cafcc4b90d43979cfb658"},{"Customer_Name":"B","Calendar_week":12,"Amount":3.0,"PickAndPay":0,"Revenue":808.21,"Invoice_Date":"2016-03-24","Article_Number":"181300.02","Article_Name":"SEAL D116X99X2","Order_Form_ID":"7187d77d2e5cafcc4b90d43979cfb658"},{"Customer_Name":"B","Calendar_week":12,"Amount":2.0,"PickAndPay":0,"Revenue":3084.72,"Invoice_Date":"2016-03-24","Article_Number":"181302","Article_Name":"SEALING RING 89,1X59,7X19,5 MM","Order_Form_ID":"7187d77d2e5cafcc4b90d43979cfb658"},{"Customer_Name":"B","Calendar_week":12,"Amount":12.0,"PickAndPay":0,"Revenue":187.69,"Invoice_Date":"2016-03-24","Article_Number":"181817","Article_Name":"PLATE SPRING 40,0X20,4X1,00","Order_Form_ID":"7187d77d2e5cafcc4b90d43979cfb658"},{"Customer_Name":"B","Calendar_week":12,"Amount":2.0,"PickAndPay":0,"Revenue":625.46,"Invoice_Date":"2016-03-24","Article_Number":"199902","Article_Name":"CARBON PAPER 195X20,2-FACH","Order_Form_ID":"7187d77d2e5cafcc4b90d43979cfb658"},{"Customer_Name":"B","Calendar_week":12,"Amount":2.0,"PickAndPay":0,"Revenue":1954.98,"Invoice_Date":"2016-03-24","Article_Number":"237993900","Article_Name":"RADIAL SHAFT SEAL AS 60X75X8","Order_Form_ID":"7187d77d2e5cafcc4b90d43979cfb658"},{"Customer_Name":"B","Calendar_week":12,"Amount":3.0,"PickAndPay":0,"Revenue":1003.6,"Invoice_Date":"2016-03-24","Article_Number":"508777","Article_Name":"SEALING RING 50X99X2","Order_Form_ID":"7187d77d2e5cafcc4b90d43979cfb658"},{"Customer_Name":"B","Calendar_week":12,"Amount":50.0,"PickAndPay":0,"Revenue":8797.98,"Invoice_Date":"2016-03-24","Article_Number":"600700","Article_Name":"CONVEYOR BELT 80X 3","Order_Form_ID":"7187d77d2e5cafcc4b90d43979cfb658"},{"Customer_Name":"B","Calendar_week":12,"Amount":4.0,"PickAndPay":0,"Revenue":121.74,"Invoice_Date":"2016-03-24","Article_Number":"601236","Article_Name":"O-RING 6,00X1,50","Order_Form_ID":"7187d77d2e5cafcc4b90d43979cfb658"},{"Customer_Name":"B","Calendar_week":12,"Amount":32.0,"PickAndPay":0,"Revenue":14250.72,"Invoice_Date":"2016-03-24","Article_Number":"123052320","Article_Name":"NO-CRUSH-ROLLER 165X65X50","Order_Form_ID":"7187d77d2e5cafcc4b90d43979cfb658"},{"Customer_Name":"B","Calendar_week":12,"Amount":3.0,"PickAndPay":0,"Revenue":1003.6,"Invoice_Date":"2016-03-24","Article_Number":"128377700","Article_Name":"SPRING 60X3X18","Order_Form_ID":"7187d77d2e5cafcc4b90d43979cfb658"},{"Customer_Name":"B","Calendar_week":12,"Amount":4.0,"PickAndPay":0,"Revenue":251.17,"Invoice_Date":"2016-03-24","Article_Number":"118550500","Article_Name":"O-RING 90,00X2,00","Order_Form_ID":"7187d77d2e5cafcc4b90d43979cfb658"},{"Customer_Name":"B","Calendar_week":12,"Amount":1.0,"PickAndPay":0,"Revenue":9341.0,"Invoice_Date":"2016-03-24","Article_Number":"102441910","Article_Name":"COUPLING 58X30X160","Order_Form_ID":"7187d77d2e5cafcc4b90d43979cfb658"},{"Customer_Name":"B","Calendar_week":12,"Amount":2.0,"PickAndPay":0,"Revenue":890.65,"Invoice_Date":"2016-03-24","Article_Number":"105131800","Article_Name":"TOOTHED BELT 30X8X 880","Order_Form_ID":"7187d77d2e5cafcc4b90d43979cfb658"},{"Customer_Name":"B","Calendar_week":12,"Amount":2.0,"PickAndPay":0,"Revenue":110790.24,"Invoice_Date":"2016-03-24","Article_Number":"108057014","Article_Name":"SCRAPER LEDGE 2942LG","Order_Form_ID":"7187d77d2e5cafcc4b90d43979cfb658"},{"Customer_Name":"B","Calendar_week":12,"Amount":1.0,"PickAndPay":0,"Revenue":921.16,"Invoice_Date":"2016-03-24","Article_Number":"108143300","Article_Name":"COUPLING G 2\"","Order_Form_ID":"7187d77d2e5cafcc4b90d43979cfb658"},{"Customer_Name":"B","Calendar_week":12,"Amount":1.0,"PickAndPay":0,"Revenue":54.14,"Invoice_Date":"2016-03-24","Article_Number":"108143311","Article_Name":"SEAL GR. 2 1\/2\"","Order_Form_ID":"7187d77d2e5cafcc4b90d43979cfb658"},{"Customer_Name":"B","Calendar_week":12,"Amount":4.0,"PickAndPay":0,"Revenue":438.87,"Invoice_Date":"2016-03-24","Article_Number":"137653","Article_Name":"RADIAL SHAFT SEAL A  70,0X 90X10","Order_Form_ID":"7187d77d2e5cafcc4b90d43979cfb658"},{"Customer_Name":"B","Calendar_week":12,"Amount":4.0,"PickAndPay":0,"Revenue":251.17,"Invoice_Date":"2016-03-24","Article_Number":"137663","Article_Name":"RADIAL SHAFT SEAL A  80,0X100X10","Order_Form_ID":"7187d77d2e5cafcc4b90d43979cfb658"},{"Customer_Name":"B","Calendar_week":12,"Amount":4.0,"PickAndPay":0,"Revenue":512.79,"Invoice_Date":"2016-03-24","Article_Number":"158530200","Article_Name":"TOOTHED BELT HTD 15X5X425","Order_Form_ID":"7187d77d2e5cafcc4b90d43979cfb658"},{"Customer_Name":"B","Calendar_week":12,"Amount":2.0,"PickAndPay":0,"Revenue":3779.98,"Invoice_Date":"2016-03-24","Article_Number":"163600428","Article_Name":"SCRAPER BLADE 2860X50X1,5","Order_Form_ID":"7187d77d2e5cafcc4b90d43979cfb658"},{"Customer_Name":"B","Calendar_week":12,"Amount":2.0,"PickAndPay":0,"Revenue":4301.3,"Invoice_Date":"2016-03-24","Article_Number":"163600457","Article_Name":"SCRAPER BLADE 2860X50X1,5","Order_Form_ID":"7187d77d2e5cafcc4b90d43979cfb658"},{"Customer_Name":"B","Calendar_week":12,"Amount":4.0,"PickAndPay":0,"Revenue":2328.72,"Invoice_Date":"2016-03-24","Article_Number":"328100","Article_Name":"SCRAPER 3X80X75X2","Order_Form_ID":"7187d77d2e5cafcc4b90d43979cfb658"},{"Customer_Name":"B","Calendar_week":12,"Amount":2.0,"PickAndPay":0,"Revenue":4431.55,"Invoice_Date":"2016-03-24","Article_Number":"106136300","Article_Name":"CONNECTING WIRE FOR BELT 1,4X4","Order_Form_ID":"7187d77d2e5cafcc4b90d43979cfb658"},{"Customer_Name":"B","Calendar_week":12,"Amount":1.0,"PickAndPay":0,"Revenue":62.93,"Invoice_Date":"2016-03-24","Article_Number":"114779700","Article_Name":"V-RING 90  X 9,0","Order_Form_ID":"7187d77d2e5cafcc4b90d43979cfb658"},{"Customer_Name":"B","Calendar_week":12,"Amount":1.0,"PickAndPay":0,"Revenue":62.93,"Invoice_Date":"2016-03-24","Article_Number":"118550500","Article_Name":"O-RING 90,00X2,00","Order_Form_ID":"7187d77d2e5cafcc4b90d43979cfb658"},{"Customer_Name":"B","Calendar_week":12,"Amount":2.0,"PickAndPay":0,"Revenue":125.59,"Invoice_Date":"2016-03-24","Article_Number":"122356100","Article_Name":"FLAT PACKING 1\"","Order_Form_ID":"7187d77d2e5cafcc4b90d43979cfb658"},{"Customer_Name":"B","Calendar_week":12,"Amount":1.0,"PickAndPay":0,"Revenue":3106.43,"Invoice_Date":"2016-03-24","Article_Number":"124239103","Article_Name":"STEAM HOSE DN25X550","Order_Form_ID":"7187d77d2e5cafcc4b90d43979cfb658"},{"Customer_Name":"B","Calendar_week":12,"Amount":2.0,"PickAndPay":0,"Revenue":60.73,"Invoice_Date":"2016-03-24","Article_Number":"150011","Article_Name":"FLAT PACKING 3\/4\"\/ 27X38X2","Order_Form_ID":"7187d77d2e5cafcc4b90d43979cfb658"},{"Customer_Name":"B","Calendar_week":12,"Amount":2.0,"PickAndPay":0,"Revenue":60.73,"Invoice_Date":"2016-03-24","Article_Number":"150015","Article_Name":"FLAT PACKING 41X55X2","Order_Form_ID":"7187d77d2e5cafcc4b90d43979cfb658"},{"Customer_Name":"B","Calendar_week":12,"Amount":1.0,"PickAndPay":0,"Revenue":62.93,"Invoice_Date":"2016-03-24","Article_Number":"150343","Article_Name":"SEALING RING 38,0X46,0X2,0","Order_Form_ID":"7187d77d2e5cafcc4b90d43979cfb658"},{"Customer_Name":"B","Calendar_week":12,"Amount":2.0,"PickAndPay":0,"Revenue":60.73,"Invoice_Date":"2016-03-24","Article_Number":"112827900","Article_Name":"O-RING 93,00X4,00","Order_Form_ID":"7187d77d2e5cafcc4b90d43979cfb658"},{"Customer_Name":"B","Calendar_week":12,"Amount":8.0,"PickAndPay":0,"Revenue":3562.61,"Invoice_Date":"2016-03-24","Article_Number":"123052310","Article_Name":"NO-CRUSH-ROLLER 165X65X50","Order_Form_ID":"7187d77d2e5cafcc4b90d43979cfb658"},{"Customer_Name":"B","Calendar_week":12,"Amount":4.0,"PickAndPay":0,"Revenue":251.17,"Invoice_Date":"2016-03-24","Article_Number":"137621300","Article_Name":"METAL-RUBBER-BUFFER D15X15-M4X10","Order_Form_ID":"7187d77d2e5cafcc4b90d43979cfb658"},{"Customer_Name":"B","Calendar_week":12,"Amount":2.0,"PickAndPay":0,"Revenue":212.7,"Invoice_Date":"2016-03-24","Article_Number":"159262","Article_Name":"BUSH 30X 34X 20","Order_Form_ID":"7187d77d2e5cafcc4b90d43979cfb658"},{"Customer_Name":"B","Calendar_week":12,"Amount":1.0,"PickAndPay":0,"Revenue":334.44,"Invoice_Date":"2016-03-24","Article_Number":"185620","Article_Name":"TOOTHED BELT HTD 30X8X640","Order_Form_ID":"7187d77d2e5cafcc4b90d43979cfb658"},{"Customer_Name":"B","Calendar_week":12,"Amount":2.0,"PickAndPay":0,"Revenue":808.21,"Invoice_Date":"2016-03-24","Article_Number":"101641600","Article_Name":"TOOTHED BELT HTD 18X 5X 700","Order_Form_ID":"7187d77d2e5cafcc4b90d43979cfb658"},{"Customer_Name":"B","Calendar_week":12,"Amount":20.0,"PickAndPay":0,"Revenue":86459.84,"Invoice_Date":"2016-03-24","Article_Number":"105303965","Article_Name":"DISC CUT KNIFE 240X1,2\/0,35MM,20°","Order_Form_ID":"7187d77d2e5cafcc4b90d43979cfb658"},{"Customer_Name":"B","Calendar_week":12,"Amount":32.0,"PickAndPay":0,"Revenue":34062.46,"Invoice_Date":"2016-03-24","Article_Number":"105406991","Article_Name":"GRINDING WHEEL 50X11X19MM","Order_Form_ID":"7187d77d2e5cafcc4b90d43979cfb658"},{"Customer_Name":"B","Calendar_week":12,"Amount":14.0,"PickAndPay":0,"Revenue":34366.67,"Invoice_Date":"2016-03-24","Article_Number":"105407210","Article_Name":"TOOTHED BELT 29,5X 8X 640","Order_Form_ID":"7187d77d2e5cafcc4b90d43979cfb658"},{"Customer_Name":"B","Calendar_week":12,"Amount":150.0,"PickAndPay":0,"Revenue":2280.91,"Invoice_Date":"2016-03-24","Article_Number":"107254210","Article_Name":"FELT 46X35X10MM","Order_Form_ID":"7187d77d2e5cafcc4b90d43979cfb658"},{"Customer_Name":"B","Calendar_week":12,"Amount":4.0,"PickAndPay":0,"Revenue":438.87,"Invoice_Date":"2016-03-24","Article_Number":"116247600","Article_Name":"BELLOWS 40X17; GUMMI","Order_Form_ID":"7187d77d2e5cafcc4b90d43979cfb658"},{"Customer_Name":"B","Calendar_week":12,"Amount":2.0,"PickAndPay":0,"Revenue":1212.18,"Invoice_Date":"2016-03-24","Article_Number":"117712402","Article_Name":"TOOTHED BELT GT 40X 8X 720","Order_Form_ID":"7187d77d2e5cafcc4b90d43979cfb658"},{"Customer_Name":"B","Calendar_week":12,"Amount":4.0,"PickAndPay":0,"Revenue":251.17,"Invoice_Date":"2016-03-24","Article_Number":"120117200","Article_Name":"O-RING 9,25X1,78","Order_Form_ID":"7187d77d2e5cafcc4b90d43979cfb658"},{"Customer_Name":"B","Calendar_week":12,"Amount":7.0,"PickAndPay":0,"Revenue":2417.76,"Invoice_Date":"2016-03-24","Article_Number":"122745002","Article_Name":"TOOTHED BELT 30X 5X 575","Order_Form_ID":"7187d77d2e5cafcc4b90d43979cfb658"},{"Customer_Name":"B","Calendar_week":12,"Amount":4.0,"PickAndPay":0,"Revenue":886.26,"Invoice_Date":"2016-03-24","Article_Number":"122745003","Article_Name":"TOOTHED BELT HTD 25X 5X 375","Order_Form_ID":"7187d77d2e5cafcc4b90d43979cfb658"},{"Customer_Name":"B","Calendar_week":12,"Amount":8.0,"PickAndPay":0,"Revenue":3319.13,"Invoice_Date":"2016-03-24","Article_Number":"123584901","Article_Name":"BOLT RD.8 148LG.","Order_Form_ID":"7187d77d2e5cafcc4b90d43979cfb658"},{"Customer_Name":"B","Calendar_week":12,"Amount":1.0,"PickAndPay":0,"Revenue":964.58,"Invoice_Date":"2016-03-24","Article_Number":"126054505","Article_Name":"TOOTHED BELT GT 30X 8X2000","Order_Form_ID":"7187d77d2e5cafcc4b90d43979cfb658"},{"Customer_Name":"B","Calendar_week":12,"Amount":10.0,"PickAndPay":0,"Revenue":43229.78,"Invoice_Date":"2016-03-24","Article_Number":"126292402","Article_Name":"BRUSH ROLL SEGMENT 300X203X216MM","Order_Form_ID":"7187d77d2e5cafcc4b90d43979cfb658"},{"Customer_Name":"B","Calendar_week":12,"Amount":2.0,"PickAndPay":0,"Revenue":2346.04,"Invoice_Date":"2016-03-24","Article_Number":"131209700","Article_Name":"TOOTHED BELT GT 50X 8X1760","Order_Form_ID":"7187d77d2e5cafcc4b90d43979cfb658"},{"Customer_Name":"B","Calendar_week":12,"Amount":12.0,"PickAndPay":0,"Revenue":753.25,"Invoice_Date":"2016-03-24","Article_Number":"137621300","Article_Name":"METAL-RUBBER-BUFFER D15X15-M4X10","Order_Form_ID":"7187d77d2e5cafcc4b90d43979cfb658"},{"Customer_Name":"B","Calendar_week":12,"Amount":1.0,"PickAndPay":0,"Revenue":1933.27,"Invoice_Date":"2016-03-24","Article_Number":"148187700","Article_Name":"TOOTHED BELT GT 85X 8X1600","Order_Form_ID":"7187d77d2e5cafcc4b90d43979cfb658"},{"Customer_Name":"B","Calendar_week":12,"Amount":5.0,"PickAndPay":0,"Revenue":1108.03,"Invoice_Date":"2016-03-24","Article_Number":"150901500","Article_Name":"NILOS RING 117,5X80X3","Order_Form_ID":"7187d77d2e5cafcc4b90d43979cfb658"},{"Customer_Name":"B","Calendar_week":12,"Amount":1.0,"PickAndPay":0,"Revenue":221.77,"Invoice_Date":"2016-03-24","Article_Number":"158530220","Article_Name":"TOOTHED BELT HTD 15X 3X 645","Order_Form_ID":"7187d77d2e5cafcc4b90d43979cfb658"},{"Customer_Name":"B","Calendar_week":12,"Amount":4.0,"PickAndPay":0,"Revenue":4040.5,"Invoice_Date":"2016-03-24","Article_Number":"161790600","Article_Name":"BELLOWS D35\/D84X207,3","Order_Form_ID":"7187d77d2e5cafcc4b90d43979cfb658"},{"Customer_Name":"B","Calendar_week":12,"Amount":2.0,"PickAndPay":0,"Revenue":60.73,"Invoice_Date":"2016-03-24","Article_Number":"601236","Article_Name":"O-RING 6,00X1,50","Order_Form_ID":"7187d77d2e5cafcc4b90d43979cfb658"},{"Customer_Name":"B","Calendar_week":12,"Amount":28.0,"PickAndPay":0,"Revenue":12469.42,"Invoice_Date":"2016-03-24","Article_Number":"123052310","Article_Name":"NO-CRUSH-ROLLER 165X65X50","Order_Form_ID":"7187d77d2e5cafcc4b90d43979cfb658"},{"Customer_Name":"B","Calendar_week":12,"Amount":27.0,"PickAndPay":0,"Revenue":1695.02,"Invoice_Date":"2016-03-24","Article_Number":"123596200","Article_Name":"SPACER RING L49XID70XW4","Order_Form_ID":"7187d77d2e5cafcc4b90d43979cfb658"},{"Customer_Name":"B","Calendar_week":12,"Amount":1.0,"PickAndPay":0,"Revenue":445.19,"Invoice_Date":"2016-03-24","Article_Number":"185951","Article_Name":"TOOTHED BELT HTD 30X 8X1120","Order_Form_ID":"7187d77d2e5cafcc4b90d43979cfb658"},{"Customer_Name":"B","Calendar_week":12,"Amount":2.0,"PickAndPay":0,"Revenue":1303.41,"Invoice_Date":"2016-03-24","Article_Number":"100272511","Article_Name":"SPRING ELEMENT 38","Order_Form_ID":"7187d77d2e5cafcc4b90d43979cfb658"},{"Customer_Name":"B","Calendar_week":12,"Amount":2.0,"PickAndPay":0,"Revenue":1651.05,"Invoice_Date":"2016-03-24","Article_Number":"105450501","Article_Name":"TOOTHED BELT GT 30X 8X1440","Order_Form_ID":"7187d77d2e5cafcc4b90d43979cfb658"},{"Customer_Name":"B","Calendar_week":12,"Amount":4.0,"PickAndPay":0,"Revenue":121.74,"Invoice_Date":"2016-03-24","Article_Number":"112827900","Article_Name":"O-RING 93,00X4,00","Order_Form_ID":"7187d77d2e5cafcc4b90d43979cfb658"},{"Customer_Name":"B","Calendar_week":12,"Amount":4.0,"PickAndPay":0,"Revenue":1694.47,"Invoice_Date":"2016-03-24","Article_Number":"117712401","Article_Name":"TOOTHED BELT GT 30X8X720","Order_Form_ID":"7187d77d2e5cafcc4b90d43979cfb658"},{"Customer_Name":"B","Calendar_week":12,"Amount":156.0,"PickAndPay":0,"Revenue":9793.88,"Invoice_Date":"2016-03-24","Article_Number":"123596200","Article_Name":"SPACER RING L49XID70XW4","Order_Form_ID":"7187d77d2e5cafcc4b90d43979cfb658"},{"Customer_Name":"B","Calendar_week":12,"Amount":168.0,"PickAndPay":0,"Revenue":72626.27,"Invoice_Date":"2016-03-24","Article_Number":"136481820","Article_Name":"NO-CRUSH-ROLLER 180X65X50","Order_Form_ID":"7187d77d2e5cafcc4b90d43979cfb658"},{"Customer_Name":"B","Calendar_week":12,"Amount":8.0,"PickAndPay":0,"Revenue":502.07,"Invoice_Date":"2016-03-24","Article_Number":"137621300","Article_Name":"METAL-RUBBER-BUFFER D15X15-M4X10","Order_Form_ID":"7187d77d2e5cafcc4b90d43979cfb658"},{"Customer_Name":"B","Calendar_week":12,"Amount":6.0,"PickAndPay":0,"Revenue":2593.64,"Invoice_Date":"2016-03-24","Article_Number":"240585801","Article_Name":"SEAL 20X20X100","Order_Form_ID":"7187d77d2e5cafcc4b90d43979cfb658"},{"Customer_Name":"B","Calendar_week":12,"Amount":1.0,"PickAndPay":0,"Revenue":116699.17,"Invoice_Date":"2016-03-24","Article_Number":"151128604","Article_Name":"BHS KNIFE SET WW2800","Order_Form_ID":"7187d77d2e5cafcc4b90d43979cfb658"},{"Customer_Name":"B","Calendar_week":12,"Amount":1.0,"PickAndPay":0,"Revenue":7581.4,"Invoice_Date":"2016-03-24","Article_Number":"109704902","Article_Name":"SET OF SEALS","Order_Form_ID":"7187d77d2e5cafcc4b90d43979cfb658"},{"Customer_Name":"B","Calendar_week":12,"Amount":1.0,"PickAndPay":0,"Revenue":803.81,"Invoice_Date":"2016-03-24","Article_Number":"109705003","Article_Name":"STRAINER","Order_Form_ID":"7187d77d2e5cafcc4b90d43979cfb658"},{"Customer_Name":"B","Calendar_week":12,"Amount":25.0,"PickAndPay":0,"Revenue":15152.09,"Invoice_Date":"2016-03-24","Article_Number":"116904600","Article_Name":"COLOUR FOR BOARD MARKING QUAL.NR.7100-93","Order_Form_ID":"7187d77d2e5cafcc4b90d43979cfb658"},{"Customer_Name":"B","Calendar_week":12,"Amount":2.0,"PickAndPay":0,"Revenue":4301.3,"Invoice_Date":"2016-03-24","Article_Number":"254477000","Article_Name":"FELT TAPE 35X8X170","Order_Form_ID":"7187d77d2e5cafcc4b90d43979cfb658"},{"Customer_Name":"B","Calendar_week":12,"Amount":1.0,"PickAndPay":0,"Revenue":5105.11,"Invoice_Date":"2016-03-24","Article_Number":"105207600","Article_Name":"TOOTHED BELT AT 50X10X2240","Order_Form_ID":"7187d77d2e5cafcc4b90d43979cfb658"},{"Customer_Name":"B","Calendar_week":12,"Amount":32.0,"PickAndPay":0,"Revenue":14250.72,"Invoice_Date":"2016-03-24","Article_Number":"123052310","Article_Name":"NO-CRUSH-ROLLER 165X65X50","Order_Form_ID":"7187d77d2e5cafcc4b90d43979cfb658"},{"Customer_Name":"B","Calendar_week":12,"Amount":1.0,"PickAndPay":0,"Revenue":50724.62,"Invoice_Date":"2016-03-24","Article_Number":"124725639","Article_Name":"FILTER ELEMENT","Order_Form_ID":"7187d77d2e5cafcc4b90d43979cfb658"},{"Customer_Name":"B","Calendar_week":12,"Amount":2.0,"PickAndPay":0,"Revenue":4040.5,"Invoice_Date":"2016-03-24","Article_Number":"125230600","Article_Name":"PNEUMATIC CYLINDER 32X100-G1\/8 DW","Order_Form_ID":"7187d77d2e5cafcc4b90d43979cfb658"},{"Customer_Name":"B","Calendar_week":12,"Amount":2.0,"PickAndPay":0,"Revenue":668.88,"Invoice_Date":"2016-03-24","Article_Number":"128377700","Article_Name":"SPRING 60X3X18","Order_Form_ID":"7187d77d2e5cafcc4b90d43979cfb658"},{"Customer_Name":"B","Calendar_week":12,"Amount":2.0,"PickAndPay":0,"Revenue":668.88,"Invoice_Date":"2016-03-24","Article_Number":"140639700","Article_Name":"TOOTHED WHEEL RD144\/25","Order_Form_ID":"7187d77d2e5cafcc4b90d43979cfb658"},{"Customer_Name":"B","Calendar_week":12,"Amount":42.0,"PickAndPay":0,"Revenue":70254.13,"Invoice_Date":"2016-03-24","Article_Number":"144934001","Article_Name":"EXPANDED RUBBER DISK D 335 MM","Order_Form_ID":"7187d77d2e5cafcc4b90d43979cfb658"},{"Customer_Name":"B","Calendar_week":12,"Amount":1.0,"PickAndPay":0,"Revenue":13620.59,"Invoice_Date":"2016-03-24","Article_Number":"148962901","Article_Name":"BELT 110X 2780X 5","Order_Form_ID":"7187d77d2e5cafcc4b90d43979cfb658"},{"Customer_Name":"B","Calendar_week":12,"Amount":1.0,"PickAndPay":0,"Revenue":4301.3,"Invoice_Date":"2016-03-24","Article_Number":"149786200","Article_Name":"TOOTHED BELT 5200X50  KL4200","Order_Form_ID":"7187d77d2e5cafcc4b90d43979cfb658"},{"Customer_Name":"B","Calendar_week":12,"Amount":7.0,"PickAndPay":0,"Revenue":439.42,"Invoice_Date":"2016-03-24","Article_Number":"177504","Article_Name":"ROPE D 4MM","Order_Form_ID":"7187d77d2e5cafcc4b90d43979cfb658"},{"Customer_Name":"B","Calendar_week":12,"Amount":1.0,"PickAndPay":0,"Revenue":3606.03,"Invoice_Date":"2016-03-24","Article_Number":"179080600","Article_Name":"TOOTHED BELT 4550X50  KL3600","Order_Form_ID":"7187d77d2e5cafcc4b90d43979cfb658"},{"Customer_Name":"B","Calendar_week":12,"Amount":2.0,"PickAndPay":0,"Revenue":5734.97,"Invoice_Date":"2016-03-24","Article_Number":"180280","Article_Name":"CONNECTING WIRE FOR BELT T 1,5 \/12 METER","Order_Form_ID":"7187d77d2e5cafcc4b90d43979cfb658"},{"Customer_Name":"B","Calendar_week":12,"Amount":2.0,"PickAndPay":0,"Revenue":7863.91,"Invoice_Date":"2016-03-24","Article_Number":"182384600","Article_Name":"TOOTHED BELT 50 AT10\/2000","Order_Form_ID":"7187d77d2e5cafcc4b90d43979cfb658"},{"Customer_Name":"B","Calendar_week":12,"Amount":25.0,"PickAndPay":0,"Revenue":10590.0,"Invoice_Date":"2016-03-24","Article_Number":"182602000","Article_Name":"NAP FOIL 50 MM BR\/25 M","Order_Form_ID":"7187d77d2e5cafcc4b90d43979cfb658"},{"Customer_Name":"B","Calendar_week":12,"Amount":4.0,"PickAndPay":0,"Revenue":1381.73,"Invoice_Date":"2016-03-24","Article_Number":"240318601","Article_Name":"LUBRICATING BRUSH 40X30X20 G1\/4I","Order_Form_ID":"7187d77d2e5cafcc4b90d43979cfb658"},{"Customer_Name":"B","Calendar_week":12,"Amount":2.0,"PickAndPay":0,"Revenue":3953.66,"Invoice_Date":"2016-03-24","Article_Number":"240692500","Article_Name":"TOOTHED BELT AT 50X10X1480","Order_Form_ID":"7187d77d2e5cafcc4b90d43979cfb658"},{"Customer_Name":"B","Calendar_week":12,"Amount":1.0,"PickAndPay":0,"Revenue":955.78,"Invoice_Date":"2016-03-24","Article_Number":"601135","Article_Name":"GLUE 1PC=1L","Order_Form_ID":"7187d77d2e5cafcc4b90d43979cfb658"},{"Customer_Name":"B","Calendar_week":12,"Amount":2.0,"PickAndPay":0,"Revenue":1998.68,"Invoice_Date":"2016-03-24","Article_Number":"103101800","Article_Name":"ELECTRONIC COMPONENT I10-53 Q4,5-48 VDC","Order_Form_ID":"7187d77d2e5cafcc4b90d43979cfb658"},{"Customer_Name":"B","Calendar_week":12,"Amount":1.0,"PickAndPay":0,"Revenue":4670.64,"Invoice_Date":"2016-03-24","Article_Number":"103379420","Article_Name":"PROXIMITY SWITCH 10-30V,DC200MA","Order_Form_ID":"7187d77d2e5cafcc4b90d43979cfb658"},{"Customer_Name":"B","Calendar_week":12,"Amount":1.0,"PickAndPay":0,"Revenue":25090.8,"Invoice_Date":"2016-03-24","Article_Number":"104944916","Article_Name":"LIFTING CYLINDER 24VDC\/ 60MM HUB","Order_Form_ID":"7187d77d2e5cafcc4b90d43979cfb658"},{"Customer_Name":"B","Calendar_week":12,"Amount":1.0,"PickAndPay":0,"Revenue":2128.94,"Invoice_Date":"2016-03-24","Article_Number":"106363800","Article_Name":"LIGHT BARRIER 10-30 VDC","Order_Form_ID":"7187d77d2e5cafcc4b90d43979cfb658"},{"Customer_Name":"B","Calendar_week":12,"Amount":1.0,"PickAndPay":0,"Revenue":2128.94,"Invoice_Date":"2016-03-24","Article_Number":"106363900","Article_Name":"LIGHT BARRIER SENDER","Order_Form_ID":"7187d77d2e5cafcc4b90d43979cfb658"},{"Customer_Name":"B","Calendar_week":12,"Amount":1.0,"PickAndPay":0,"Revenue":6212.86,"Invoice_Date":"2016-03-24","Article_Number":"107969300","Article_Name":"EMERGENCY STOP MODULE 24VDC\/220VAC","Order_Form_ID":"7187d77d2e5cafcc4b90d43979cfb658"},{"Customer_Name":"B","Calendar_week":12,"Amount":1.0,"PickAndPay":0,"Revenue":17856.75,"Invoice_Date":"2016-03-24","Article_Number":"109411002","Article_Name":"PULSE DISTRIBUTOR IV30","Order_Form_ID":"7187d77d2e5cafcc4b90d43979cfb658"},{"Customer_Name":"B","Calendar_week":12,"Amount":1.0,"PickAndPay":0,"Revenue":4909.45,"Invoice_Date":"2016-03-24","Article_Number":"110463301","Article_Name":"PROXIMITY SWITCH M18 5MM 10-65VDC 200MA","Order_Form_ID":"7187d77d2e5cafcc4b90d43979cfb658"},{"Customer_Name":"B","Calendar_week":12,"Amount":1.0,"PickAndPay":0,"Revenue":7190.63,"Invoice_Date":"2016-03-24","Article_Number":"112314200","Article_Name":"LIGHT BARRIER 5-500MM","Order_Form_ID":"7187d77d2e5cafcc4b90d43979cfb658"},{"Customer_Name":"B","Calendar_week":12,"Amount":1.0,"PickAndPay":0,"Revenue":57545.63,"Invoice_Date":"2016-03-24","Article_Number":"112315600","Article_Name":"NEGATIVE FEEDER UNIT 45A","Order_Form_ID":"7187d77d2e5cafcc4b90d43979cfb658"},{"Customer_Name":"B","Calendar_week":12,"Amount":1.0,"PickAndPay":0,"Revenue":29696.03,"Invoice_Date":"2016-03-24","Article_Number":"112614200","Article_Name":"CONVERTER 24 VDC","Order_Form_ID":"7187d77d2e5cafcc4b90d43979cfb658"},{"Customer_Name":"B","Calendar_week":12,"Amount":1.0,"PickAndPay":0,"Revenue":19029.91,"Invoice_Date":"2016-03-24","Article_Number":"118190803","Article_Name":"RESISTOR 3X20 OHM\/1,2KW","Order_Form_ID":"7187d77d2e5cafcc4b90d43979cfb658"},{"Customer_Name":"B","Calendar_week":12,"Amount":1.0,"PickAndPay":0,"Revenue":37820.73,"Invoice_Date":"2016-03-24","Article_Number":"119517715","Article_Name":"SERVO CONTROLLER 10A\/380V-480V\/6,9KW","Order_Form_ID":"7187d77d2e5cafcc4b90d43979cfb658"},{"Customer_Name":"B","Calendar_week":12,"Amount":1.0,"PickAndPay":0,"Revenue":32172.6,"Invoice_Date":"2016-03-24","Article_Number":"119517717","Article_Name":"SERVO CONTROLLER 1,5A\/380V-480V\/1,1KW","Order_Form_ID":"7187d77d2e5cafcc4b90d43979cfb658"},{"Customer_Name":"B","Calendar_week":12,"Amount":2.0,"PickAndPay":0,"Revenue":7690.23,"Invoice_Date":"2016-03-24","Article_Number":"119814002","Article_Name":"LIMIT SWITCH SCHARNIER 3Ö","Order_Form_ID":"7187d77d2e5cafcc4b90d43979cfb658"},{"Customer_Name":"B","Calendar_week":12,"Amount":1.0,"PickAndPay":0,"Revenue":32693.91,"Invoice_Date":"2016-03-24","Article_Number":"119962001","Article_Name":"DYNAMOMETRIC TRANSDUCER D46X28\/50KN","Order_Form_ID":"7187d77d2e5cafcc4b90d43979cfb658"},{"Customer_Name":"B","Calendar_week":12,"Amount":1.0,"PickAndPay":0,"Revenue":1976.97,"Invoice_Date":"2016-03-24","Article_Number":"127465400","Article_Name":"LIMIT SWITCH 2Ö\/1S","Order_Form_ID":"7187d77d2e5cafcc4b90d43979cfb658"},{"Customer_Name":"B","Calendar_week":12,"Amount":1.0,"PickAndPay":0,"Revenue":5409.05,"Invoice_Date":"2016-03-24","Article_Number":"127811010","Article_Name":"METERING UNIT S7\/ET200S\/1COUNT 5V\/500KH","Order_Form_ID":"7187d77d2e5cafcc4b90d43979cfb658"},{"Customer_Name":"B","Calendar_week":12,"Amount":1.0,"PickAndPay":0,"Revenue":7516.28,"Invoice_Date":"2016-03-24","Article_Number":"127811022","Article_Name":"MODULE IM151-3","Order_Form_ID":"7187d77d2e5cafcc4b90d43979cfb658"},{"Customer_Name":"B","Calendar_week":12,"Amount":2.0,"PickAndPay":0,"Revenue":668.88,"Invoice_Date":"2016-03-24","Article_Number":"127811031","Article_Name":"MODULE S7\/ET200S\/24VDC\/POWER","Order_Form_ID":"7187d77d2e5cafcc4b90d43979cfb658"},{"Customer_Name":"B","Calendar_week":12,"Amount":2.0,"PickAndPay":0,"Revenue":668.88,"Invoice_Date":"2016-03-24","Article_Number":"127811032","Article_Name":"MODULE 2*6 KLEMMEN","Order_Form_ID":"7187d77d2e5cafcc4b90d43979cfb658"},{"Customer_Name":"B","Calendar_week":12,"Amount":2.0,"PickAndPay":0,"Revenue":442.99,"Invoice_Date":"2016-03-24","Article_Number":"127811040","Article_Name":"SUB-RACK S7\/ET200S\/DE-DA-AO-AI","Order_Form_ID":"7187d77d2e5cafcc4b90d43979cfb658"},{"Customer_Name":"B","Calendar_week":12,"Amount":1.0,"PickAndPay":0,"Revenue":3432.35,"Invoice_Date":"2016-03-24","Article_Number":"127811041","Article_Name":"ANALOG INPUT\/OUTPUT 2AI","Order_Form_ID":"7187d77d2e5cafcc4b90d43979cfb658"},{"Customer_Name":"B","Calendar_week":12,"Amount":1.0,"PickAndPay":0,"Revenue":3432.35,"Invoice_Date":"2016-03-24","Article_Number":"127811042","Article_Name":"ANALOG INPUT\/OUTPUT S7\/ET200S\/2*AA\/+-10V","Order_Form_ID":"7187d77d2e5cafcc4b90d43979cfb658"},{"Customer_Name":"B","Calendar_week":12,"Amount":1.0,"PickAndPay":0,"Revenue":3454.06,"Invoice_Date":"2016-03-24","Article_Number":"127811043","Article_Name":"ANALOG INPUT\/OUTPUT S7\/ET200S\/2*AI\/4DMU","Order_Form_ID":"7187d77d2e5cafcc4b90d43979cfb658"},{"Customer_Name":"B","Calendar_week":12,"Amount":2.0,"PickAndPay":0,"Revenue":1346.83,"Invoice_Date":"2016-03-24","Article_Number":"127811050","Article_Name":"MODULE S7\/ET200S\/4DI DC24V","Order_Form_ID":"7187d77d2e5cafcc4b90d43979cfb658"},{"Customer_Name":"B","Calendar_week":12,"Amount":1.0,"PickAndPay":0,"Revenue":1009.92,"Invoice_Date":"2016-03-24","Article_Number":"127811051","Article_Name":"MODULE","Order_Form_ID":"7187d77d2e5cafcc4b90d43979cfb658"},{"Customer_Name":"B","Calendar_week":12,"Amount":2.0,"PickAndPay":0,"Revenue":4431.55,"Invoice_Date":"2016-03-24","Article_Number":"127811052","Article_Name":"DIGITAL IN\/OUTPUT","Order_Form_ID":"7187d77d2e5cafcc4b90d43979cfb658"},{"Customer_Name":"B","Calendar_week":12,"Amount":2.0,"PickAndPay":0,"Revenue":1824.73,"Invoice_Date":"2016-03-24","Article_Number":"127811060","Article_Name":"MODULE S7\/ET200S\/4DO DC24V\/0,5A","Order_Form_ID":"7187d77d2e5cafcc4b90d43979cfb658"},{"Customer_Name":"B","Calendar_week":12,"Amount":2.0,"PickAndPay":0,"Revenue":4083.92,"Invoice_Date":"2016-03-24","Article_Number":"127811061","Article_Name":"MODULE 4DO","Order_Form_ID":"7187d77d2e5cafcc4b90d43979cfb658"},{"Customer_Name":"B","Calendar_week":12,"Amount":2.0,"PickAndPay":0,"Revenue":2693.67,"Invoice_Date":"2016-03-24","Article_Number":"127811062","Article_Name":"DIGITAL IN\/OUTPUT","Order_Form_ID":"7187d77d2e5cafcc4b90d43979cfb658"},{"Customer_Name":"B","Calendar_week":12,"Amount":2.0,"PickAndPay":0,"Revenue":668.88,"Invoice_Date":"2016-03-24","Article_Number":"127811070","Article_Name":"SUB-RACK S7\/ET200S\/24VDC\/POWER","Order_Form_ID":"7187d77d2e5cafcc4b90d43979cfb658"},{"Customer_Name":"B","Calendar_week":12,"Amount":1.0,"PickAndPay":0,"Revenue":6756.16,"Invoice_Date":"2016-03-24","Article_Number":"129605200","Article_Name":"DIGITAL IN\/OUTPUT DO16","Order_Form_ID":"7187d77d2e5cafcc4b90d43979cfb658"},{"Customer_Name":"B","Calendar_week":12,"Amount":2.0,"PickAndPay":0,"Revenue":668.88,"Invoice_Date":"2016-03-24","Article_Number":"130343910","Article_Name":"PROXIMITY SWITCH 10-30VDC;PNP;M8","Order_Form_ID":"7187d77d2e5cafcc4b90d43979cfb658"},{"Customer_Name":"B","Calendar_week":12,"Amount":1.0,"PickAndPay":0,"Revenue":5691.55,"Invoice_Date":"2016-03-24","Article_Number":"155470300","Article_Name":"EMERGENCY STOP MODULE 2I\/2Q","Order_Form_ID":"7187d77d2e5cafcc4b90d43979cfb658"},{"Customer_Name":"B","Calendar_week":12,"Amount":1.0,"PickAndPay":0,"Revenue":4409.84,"Invoice_Date":"2016-03-24","Article_Number":"155470310","Article_Name":"EMERGENCY STOP MODULE 8I\/24 VDC","Order_Form_ID":"7187d77d2e5cafcc4b90d43979cfb658"},{"Customer_Name":"B","Calendar_week":12,"Amount":1.0,"PickAndPay":0,"Revenue":4409.84,"Invoice_Date":"2016-03-24","Article_Number":"155470311","Article_Name":"EMERGENCY STOP MODULE 24 VDC 5I\/1I","Order_Form_ID":"7187d77d2e5cafcc4b90d43979cfb658"},{"Customer_Name":"B","Calendar_week":12,"Amount":1.0,"PickAndPay":0,"Revenue":2541.7,"Invoice_Date":"2016-03-24","Article_Number":"155470320","Article_Name":"EMERGENCY STOP MODULE 24VDC 4Q","Order_Form_ID":"7187d77d2e5cafcc4b90d43979cfb658"},{"Customer_Name":"B","Calendar_week":12,"Amount":1.0,"PickAndPay":0,"Revenue":5691.55,"Invoice_Date":"2016-03-24","Article_Number":"155470321","Article_Name":"EMERGENCY STOP MODULE 24 VDC 3Q","Order_Form_ID":"7187d77d2e5cafcc4b90d43979cfb658"},{"Customer_Name":"B","Calendar_week":12,"Amount":1.0,"PickAndPay":0,"Revenue":14250.72,"Invoice_Date":"2016-03-24","Article_Number":"155470330","Article_Name":"EMERGENCY STOP MODULE B45H84T121MM","Order_Form_ID":"7187d77d2e5cafcc4b90d43979cfb658"},{"Customer_Name":"B","Calendar_week":12,"Amount":1.0,"PickAndPay":0,"Revenue":4388.14,"Invoice_Date":"2016-03-24","Article_Number":"161334200","Article_Name":"MODULE 1\/20\/500V 24VDC","Order_Form_ID":"7187d77d2e5cafcc4b90d43979cfb658"},{"Customer_Name":"B","Calendar_week":12,"Amount":1.0,"PickAndPay":0,"Revenue":1716.18,"Invoice_Date":"2016-03-24","Article_Number":"162372800","Article_Name":"EMERGENCY STOP MODULE 24VDC 5S\/1Ö","Order_Form_ID":"7187d77d2e5cafcc4b90d43979cfb658"},{"Customer_Name":"B","Calendar_week":12,"Amount":1.0,"PickAndPay":0,"Revenue":2954.46,"Invoice_Date":"2016-03-24","Article_Number":"178188400","Article_Name":"LIGHT BARRIER 24 VDC","Order_Form_ID":"7187d77d2e5cafcc4b90d43979cfb658"},{"Customer_Name":"B","Calendar_week":12,"Amount":1.0,"PickAndPay":0,"Revenue":2954.46,"Invoice_Date":"2016-03-24","Article_Number":"178188401","Article_Name":"LIGHT BARRIER 24 VDC","Order_Form_ID":"7187d77d2e5cafcc4b90d43979cfb658"},{"Customer_Name":"B","Calendar_week":12,"Amount":1.0,"PickAndPay":0,"Revenue":11817.57,"Invoice_Date":"2016-03-24","Article_Number":"185416200","Article_Name":"METERING UNIT S7\/300\/1CANAL\/20KHZ","Order_Form_ID":"7187d77d2e5cafcc4b90d43979cfb658"},{"Customer_Name":"B","Calendar_week":12,"Amount":2.0,"PickAndPay":0,"Revenue":690.59,"Invoice_Date":"2016-03-24","Article_Number":"188574220","Article_Name":"PLUG 8POL","Order_Form_ID":"7187d77d2e5cafcc4b90d43979cfb658"},{"Customer_Name":"B","Calendar_week":12,"Amount":1.0,"PickAndPay":0,"Revenue":13012.44,"Invoice_Date":"2016-03-24","Article_Number":"189331801","Article_Name":"GEAR WITH LIMIT SWITCHES 24 VDC","Order_Form_ID":"7187d77d2e5cafcc4b90d43979cfb658"},{"Customer_Name":"B","Calendar_week":12,"Amount":2.0,"PickAndPay":0,"Revenue":2020.39,"Invoice_Date":"2016-03-24","Article_Number":"192468000","Article_Name":"PROXIMITY SWITCH E2A-M18LS08-M1-B1","Order_Form_ID":"7187d77d2e5cafcc4b90d43979cfb658"},{"Customer_Name":"B","Calendar_week":12,"Amount":1.0,"PickAndPay":0,"Revenue":1737.89,"Invoice_Date":"2016-03-24","Article_Number":"193628800","Article_Name":"LIGHT BARRIER 10-30V DC","Order_Form_ID":"7187d77d2e5cafcc4b90d43979cfb658"},{"Customer_Name":"B","Calendar_week":12,"Amount":1.0,"PickAndPay":0,"Revenue":1737.89,"Invoice_Date":"2016-03-24","Article_Number":"193628801","Article_Name":"LIGHT BARRIER 10-30V DC","Order_Form_ID":"7187d77d2e5cafcc4b90d43979cfb658"},{"Customer_Name":"B","Calendar_week":12,"Amount":1.0,"PickAndPay":0,"Revenue":17878.46,"Invoice_Date":"2016-03-24","Article_Number":"194858404","Article_Name":"FREQUENCY CONTROLLER 320-550V\/9,5A\/45-65","Order_Form_ID":"7187d77d2e5cafcc4b90d43979cfb658"},{"Customer_Name":"B","Calendar_week":12,"Amount":1.0,"PickAndPay":0,"Revenue":29826.57,"Invoice_Date":"2016-03-24","Article_Number":"194858405","Article_Name":"FREQUENCY CONTROLLER 320-550V\/13A\/45-65H","Order_Form_ID":"7187d77d2e5cafcc4b90d43979cfb658"},{"Customer_Name":"B","Calendar_week":12,"Amount":1.0,"PickAndPay":0,"Revenue":39384.94,"Invoice_Date":"2016-03-24","Article_Number":"194858411","Article_Name":"FREQUENCY CONTROLLER 320-550V\/23,5A\/45-6","Order_Form_ID":"7187d77d2e5cafcc4b90d43979cfb658"},{"Customer_Name":"B","Calendar_week":12,"Amount":1.0,"PickAndPay":0,"Revenue":17921.88,"Invoice_Date":"2016-03-24","Article_Number":"194858413","Article_Name":"FREQUENCY CONTROLLER 320-550V\/5,8A\/45-65","Order_Form_ID":"7187d77d2e5cafcc4b90d43979cfb658"},{"Customer_Name":"B","Calendar_week":12,"Amount":1.0,"PickAndPay":0,"Revenue":24438.96,"Invoice_Date":"2016-03-24","Article_Number":"194858415","Article_Name":"FREQUENCY CONTROLLER 11.7A\/320-550V\/45-6","Order_Form_ID":"7187d77d2e5cafcc4b90d43979cfb658"},{"Customer_Name":"B","Calendar_week":12,"Amount":1.0,"PickAndPay":0,"Revenue":30977.74,"Invoice_Date":"2016-03-24","Article_Number":"194858417","Article_Name":"FREQUENCY CONTROLLER 320-550V\/16,5A\/45-6","Order_Form_ID":"7187d77d2e5cafcc4b90d43979cfb658"},{"Customer_Name":"B","Calendar_week":12,"Amount":1.0,"PickAndPay":0,"Revenue":38081.53,"Invoice_Date":"2016-03-24","Article_Number":"194858419","Article_Name":"FREQUENCY CONTROLLER 400-500V\/13A\/50-60H","Order_Form_ID":"7187d77d2e5cafcc4b90d43979cfb658"},{"Customer_Name":"B","Calendar_week":12,"Amount":1.0,"PickAndPay":0,"Revenue":69493.74,"Invoice_Date":"2016-03-24","Article_Number":"194858420","Article_Name":"FREQUENCY CONTROLLER 40A\/18,5KW\/320-550V","Order_Form_ID":"7187d77d2e5cafcc4b90d43979cfb658"},{"Customer_Name":"B","Calendar_week":12,"Amount":1.0,"PickAndPay":0,"Revenue":39515.2,"Invoice_Date":"2016-03-24","Article_Number":"194858422","Article_Name":"FREQUENCY CONTROLLER 400-500V\/5,6-4,5A\/5","Order_Form_ID":"7187d77d2e5cafcc4b90d43979cfb658"},{"Customer_Name":"B","Calendar_week":12,"Amount":1.0,"PickAndPay":0,"Revenue":14554.66,"Invoice_Date":"2016-03-24","Article_Number":"194858600","Article_Name":"FREQUENCY CONTROLLER 400-500V\/50-60H, 0,","Order_Form_ID":"7187d77d2e5cafcc4b90d43979cfb658"},{"Customer_Name":"B","Calendar_week":12,"Amount":1.0,"PickAndPay":0,"Revenue":1933.27,"Invoice_Date":"2016-03-24","Article_Number":"194864700","Article_Name":"EMERGENCY STOP MODULE 24VDC\/230VAC\/4S","Order_Form_ID":"7187d77d2e5cafcc4b90d43979cfb658"},{"Customer_Name":"B","Calendar_week":12,"Amount":1.0,"PickAndPay":0,"Revenue":964.58,"Invoice_Date":"2016-03-24","Article_Number":"196992000","Article_Name":"CONTROL","Order_Form_ID":"7187d77d2e5cafcc4b90d43979cfb658"},{"Customer_Name":"B","Calendar_week":12,"Amount":1.0,"PickAndPay":0,"Revenue":53027.24,"Invoice_Date":"2016-03-24","Article_Number":"197300001","Article_Name":"COMPONENT GROUP","Order_Form_ID":"7187d77d2e5cafcc4b90d43979cfb658"},{"Customer_Name":"B","Calendar_week":12,"Amount":1.0,"PickAndPay":0,"Revenue":2172.36,"Invoice_Date":"2016-03-24","Article_Number":"197617200","Article_Name":"PROXIMITY SWITCH 10-30VDC\/PNP\/NPN\/4MM","Order_Form_ID":"7187d77d2e5cafcc4b90d43979cfb658"},{"Customer_Name":"B","Calendar_week":12,"Amount":1.0,"PickAndPay":0,"Revenue":2128.94,"Invoice_Date":"2016-03-24","Article_Number":"197617300","Article_Name":"PROXIMITY SWITCH 10-30VDC\/PNP\/4MM","Order_Form_ID":"7187d77d2e5cafcc4b90d43979cfb658"},{"Customer_Name":"B","Calendar_week":12,"Amount":1.0,"PickAndPay":0,"Revenue":37190.87,"Invoice_Date":"2016-03-24","Article_Number":"225992610","Article_Name":"COMMUNICATION MODULE 10 PORTS","Order_Form_ID":"7187d77d2e5cafcc4b90d43979cfb658"},{"Customer_Name":"B","Calendar_week":12,"Amount":1.0,"PickAndPay":0,"Revenue":44750.57,"Invoice_Date":"2016-03-24","Article_Number":"231774001","Article_Name":"MODULE","Order_Form_ID":"7187d77d2e5cafcc4b90d43979cfb658"},{"Customer_Name":"B","Calendar_week":12,"Amount":1.0,"PickAndPay":0,"Revenue":28175.52,"Invoice_Date":"2016-03-24","Article_Number":"271187300","Article_Name":"SENSOR 4-20MA\/24VDC","Order_Form_ID":"7187d77d2e5cafcc4b90d43979cfb658"},{"Customer_Name":"B","Calendar_week":12,"Amount":1.0,"PickAndPay":0,"Revenue":391.05,"Invoice_Date":"2016-03-24","Article_Number":"277328100","Article_Name":"HOLDING DEVICE","Order_Form_ID":"7187d77d2e5cafcc4b90d43979cfb658"},{"Customer_Name":"B","Calendar_week":12,"Amount":1.0,"PickAndPay":0,"Revenue":18899.37,"Invoice_Date":"2016-03-24","Article_Number":"280725902","Article_Name":"MONITORING SENSOR 24 VDC; 29X2616X35,4MM","Order_Form_ID":"7187d77d2e5cafcc4b90d43979cfb658"},{"Customer_Name":"B","Calendar_week":12,"Amount":1.0,"PickAndPay":0,"Revenue":27154.33,"Invoice_Date":"2016-03-24","Article_Number":"280725903","Article_Name":"MONITORING SENSOR 24 VDC","Order_Form_ID":"7187d77d2e5cafcc4b90d43979cfb658"},{"Customer_Name":"B","Calendar_week":12,"Amount":1.0,"PickAndPay":0,"Revenue":14793.74,"Invoice_Date":"2016-03-24","Article_Number":"280725906","Article_Name":"MONITORING SENSOR 24 VDC","Order_Form_ID":"7187d77d2e5cafcc4b90d43979cfb658"},{"Customer_Name":"B","Calendar_week":12,"Amount":1.0,"PickAndPay":0,"Revenue":22375.15,"Invoice_Date":"2016-03-24","Article_Number":"280725907","Article_Name":"MONITORING SENSOR 24 VDC","Order_Form_ID":"7187d77d2e5cafcc4b90d43979cfb658"},{"Customer_Name":"B","Calendar_week":12,"Amount":1.0,"PickAndPay":0,"Revenue":5908.92,"Invoice_Date":"2016-03-24","Article_Number":"280768800","Article_Name":"EMERGENCY STOP MODULE B22,5H96,5,T120","Order_Form_ID":"7187d77d2e5cafcc4b90d43979cfb658"},{"Customer_Name":"B","Calendar_week":12,"Amount":1.0,"PickAndPay":0,"Revenue":10449.03,"Invoice_Date":"2016-03-24","Article_Number":"280768801","Article_Name":"EMERGENCY STOP MODULE B22,5H96,5,T120","Order_Form_ID":"7187d77d2e5cafcc4b90d43979cfb658"},{"Customer_Name":"B","Calendar_week":12,"Amount":1.0,"PickAndPay":0,"Revenue":6799.58,"Invoice_Date":"2016-03-24","Article_Number":"280768802","Article_Name":"EMERGENCY STOP MODULE B22,5H96,5T120","Order_Form_ID":"7187d77d2e5cafcc4b90d43979cfb658"},{"Customer_Name":"B","Calendar_week":12,"Amount":2.0,"PickAndPay":0,"Revenue":999.2,"Invoice_Date":"2016-03-24","Article_Number":"287805700","Article_Name":"PROXIMITY SWITCH 10-30VDC\/M12\/PNP\/2MM","Order_Form_ID":"7187d77d2e5cafcc4b90d43979cfb658"},{"Customer_Name":"B","Calendar_week":12,"Amount":1.0,"PickAndPay":0,"Revenue":52049.75,"Invoice_Date":"2016-03-24","Article_Number":"295324030","Article_Name":"CONVERTER 1XELEKTRONIK 1XSENSOR","Order_Form_ID":"7187d77d2e5cafcc4b90d43979cfb658"},{"Customer_Name":"B","Calendar_week":12,"Amount":1.0,"PickAndPay":0,"Revenue":142267.58,"Invoice_Date":"2016-03-24","Article_Number":"197300003","Article_Name":"COMPUTER","Order_Form_ID":"7187d77d2e5cafcc4b90d43979cfb658"},{"Customer_Name":"B","Calendar_week":12,"Amount":1.0,"PickAndPay":0,"Revenue":139465.36,"Invoice_Date":"2016-03-24","Article_Number":"267610253","Article_Name":"COMPUTER 24 VDC","Order_Form_ID":"7187d77d2e5cafcc4b90d43979cfb658"},{"Customer_Name":"B","Calendar_week":12,"Amount":1.0,"PickAndPay":0,"Revenue":4122.12,"Invoice_Date":"2016-03-24","Article_Number":"V00000024","Article_Name":"PACKING CHARGES (BOX)","Order_Form_ID":"7187d77d2e5cafcc4b90d43979cfb658"},{"Customer_Name":"B","Calendar_week":12,"Amount":1.0,"PickAndPay":0,"Revenue":192.37,"Invoice_Date":"2016-03-24","Article_Number":"V00000025","Article_Name":"PACKING CHARGES (CARTON)","Order_Form_ID":"7187d77d2e5cafcc4b90d43979cfb658"},{"Customer_Name":"B","Calendar_week":12,"Amount":1.0,"PickAndPay":0,"Revenue":412.21,"Invoice_Date":"2016-03-24","Article_Number":"V00000019","Article_Name":"PACKING CHARGES (EUR-PALLET) 1200X800X14","Order_Form_ID":"7187d77d2e5cafcc4b90d43979cfb658"},{"Customer_Name":"B","Calendar_week":12,"Amount":2.0,"PickAndPay":0,"Revenue":4946.55,"Invoice_Date":"2016-03-24","Article_Number":"V00000015","Article_Name":"PACKING CHARGES (BOX) 3130X410X310MM","Order_Form_ID":"7187d77d2e5cafcc4b90d43979cfb658"},{"Customer_Name":"B","Calendar_week":12,"Amount":1.0,"PickAndPay":0,"Revenue":2748.08,"Invoice_Date":"2016-03-24","Article_Number":"V00000003","Article_Name":"PACKING CHARGES (BOX) 3100X340X430MM","Order_Form_ID":"7187d77d2e5cafcc4b90d43979cfb658"},{"Customer_Name":"B","Calendar_week":12,"Amount":2.0,"PickAndPay":0,"Revenue":2748.08,"Invoice_Date":"2016-03-24","Article_Number":"110680300","Article_Name":"PACKING CHARGES (PAL-BOX III) 1070X710X8","Order_Form_ID":"7187d77d2e5cafcc4b90d43979cfb658"},{"Customer_Name":"B","Calendar_week":12,"Amount":1.0,"PickAndPay":0,"Revenue":2215.78,"Invoice_Date":"2016-03-24","Article_Number":"102675800","Article_Name":"COUPLING 8\/10MM","Order_Form_ID":"7187d77d2e5cafcc4b90d43979cfb658"},{"Customer_Name":"B","Calendar_week":12,"Amount":1.0,"PickAndPay":0,"Revenue":192.37,"Invoice_Date":"2016-03-24","Article_Number":"110991000","Article_Name":"PACKING CHARGES (CARTON) 200X200X80","Order_Form_ID":"7187d77d2e5cafcc4b90d43979cfb658"},{"Customer_Name":"B","Calendar_week":12,"Amount":1.0,"PickAndPay":0,"Revenue":14661.01,"Invoice_Date":"2016-03-24","Article_Number":"P030FR001","Article_Name":"FREIGHT CHARGES","Order_Form_ID":"7187d77d2e5cafcc4b90d43979cfb658"},{"Customer_Name":"B","Calendar_week":12,"Amount":1.0,"PickAndPay":0,"Revenue":12860.47,"Invoice_Date":"2016-03-24","Article_Number":"100686325","Article_Name":"COMPRESSED-AIR MOTOR G1\/8 - 10.6NM","Order_Form_ID":"665cc5c0f77d7e1d7a75529b4df5eabd"},{"Customer_Name":"B","Calendar_week":12,"Amount":10.0,"PickAndPay":0,"Revenue":5821.81,"Invoice_Date":"2016-03-24","Article_Number":"149000","Article_Name":"ADHESIVE TAPE 50MMX100M","Order_Form_ID":"665cc5c0f77d7e1d7a75529b4df5eabd"},{"Customer_Name":"B","Calendar_week":12,"Amount":1.0,"PickAndPay":0,"Revenue":432.27,"Invoice_Date":"2016-03-24","Article_Number":"127654810","Article_Name":"SEALING RING 50X136X2","Order_Form_ID":"665cc5c0f77d7e1d7a75529b4df5eabd"},{"Customer_Name":"B","Calendar_week":12,"Amount":2.0,"PickAndPay":0,"Revenue":1164.36,"Invoice_Date":"2016-03-24","Article_Number":"149000","Article_Name":"ADHESIVE TAPE 50MMX100M","Order_Form_ID":"665cc5c0f77d7e1d7a75529b4df5eabd"},{"Customer_Name":"B","Calendar_week":12,"Amount":1.0,"PickAndPay":0,"Revenue":15076.24,"Invoice_Date":"2016-03-24","Article_Number":"124029130","Article_Name":"COMMUNICATION MODULE 28PORT; 100MBIT","Order_Form_ID":"665cc5c0f77d7e1d7a75529b4df5eabd"},{"Customer_Name":"B","Calendar_week":12,"Amount":1.0,"PickAndPay":0,"Revenue":192.37,"Invoice_Date":"2016-03-24","Article_Number":"110991004","Article_Name":"PACKING CHARGES (CARTON) 610X410X230","Order_Form_ID":"665cc5c0f77d7e1d7a75529b4df5eabd"},{"Customer_Name":"B","Calendar_week":13,"Amount":5.0,"PickAndPay":0,"Revenue":8146.41,"Invoice_Date":"2016-03-30","Article_Number":"103560754","Article_Name":"BELT 80X 1750X 3","Order_Form_ID":"49e94250815896147c8fc93cafb633d8"},{"Customer_Name":"B","Calendar_week":13,"Amount":1.0,"PickAndPay":0,"Revenue":1672.76,"Invoice_Date":"2016-03-30","Article_Number":"108143301","Article_Name":"COUPLING G 2 1\/2\"","Order_Form_ID":"49e94250815896147c8fc93cafb633d8"},{"Customer_Name":"B","Calendar_week":13,"Amount":1.0,"PickAndPay":0,"Revenue":4409.84,"Invoice_Date":"2016-03-30","Article_Number":"104462901","Article_Name":"EMERGENCY STOP MODULE 24VAC\/DC","Order_Form_ID":"49e94250815896147c8fc93cafb633d8"},{"Customer_Name":"B","Calendar_week":13,"Amount":1.0,"PickAndPay":0,"Revenue":27979.86,"Invoice_Date":"2016-03-30","Article_Number":"166666620","Article_Name":"CONVERTER LVX PNI","Order_Form_ID":"49e94250815896147c8fc93cafb633d8"},{"Customer_Name":"B","Calendar_week":13,"Amount":1.0,"PickAndPay":0,"Revenue":192.37,"Invoice_Date":"2016-03-30","Article_Number":"110991003","Article_Name":"PACKING CHARGES (CARTON) 360X360X250","Order_Form_ID":"49e94250815896147c8fc93cafb633d8"},{"Customer_Name":"B","Calendar_week":16,"Amount":4.0,"PickAndPay":0,"Revenue":6430.23,"Invoice_Date":"2016-04-20","Article_Number":"106885100","Article_Name":"RADIAL SHAFT SEAL 188X225X15","Order_Form_ID":"7809fc9d5a35c9432c7247ca4dd10457"},{"Customer_Name":"B","Calendar_week":16,"Amount":6.0,"PickAndPay":0,"Revenue":2072.33,"Invoice_Date":"2016-04-20","Article_Number":"122745002","Article_Name":"TOOTHED BELT 30X 5X 575","Order_Form_ID":"7809fc9d5a35c9432c7247ca4dd10457"},{"Customer_Name":"B","Calendar_week":16,"Amount":1.0,"PickAndPay":0,"Revenue":12969.02,"Invoice_Date":"2016-04-20","Article_Number":"124352302","Article_Name":"TRANSMITTER 11-27 VDC","Order_Form_ID":"7809fc9d5a35c9432c7247ca4dd10457"},{"Customer_Name":"B","Calendar_week":16,"Amount":1.0,"PickAndPay":0,"Revenue":192.37,"Invoice_Date":"2016-04-20","Article_Number":"110991002","Article_Name":"PACKING CHARGES (CARTON) 300X300X200","Order_Form_ID":"7809fc9d5a35c9432c7247ca4dd10457"},{"Customer_Name":"B","Calendar_week":16,"Amount":3.0,"PickAndPay":0,"Revenue":32324.57,"Invoice_Date":"2016-04-21","Article_Number":"204231297","Article_Name":"KNIFE 1440X50X1.5","Order_Form_ID":"9473b0a919412b7619320b2a480fa032"},{"Customer_Name":"B","Calendar_week":16,"Amount":1.0,"PickAndPay":0,"Revenue":192.37,"Invoice_Date":"2016-04-21","Article_Number":"V00000025","Article_Name":"PACKING CHARGES (CARTON)","Order_Form_ID":"9473b0a919412b7619320b2a480fa032"},{"Customer_Name":"B","Calendar_week":17,"Amount":1.0,"PickAndPay":0,"Revenue":1933.27,"Invoice_Date":"2016-04-25","Article_Number":"130241404","Article_Name":"TOOTHED BELT ATP 50X10X1150","Order_Form_ID":"badac80f8a24b26a2379632e90b8419d"},{"Customer_Name":"B","Calendar_week":17,"Amount":1.0,"PickAndPay":0,"Revenue":192.37,"Invoice_Date":"2016-04-25","Article_Number":"110991000","Article_Name":"PACKING CHARGES (CARTON) 200X200X80","Order_Form_ID":"badac80f8a24b26a2379632e90b8419d"},{"Customer_Name":"B","Calendar_week":18,"Amount":1.0,"PickAndPay":0,"Revenue":10774.95,"Invoice_Date":"2016-05-02","Article_Number":"204231297","Article_Name":"KNIFE 1440X50X1.5","Order_Form_ID":"12a28eb380234533e35e7c8abb56dfc4"},{"Customer_Name":"B","Calendar_week":18,"Amount":1.0,"PickAndPay":0,"Revenue":192.37,"Invoice_Date":"2016-05-02","Article_Number":"V00000025","Article_Name":"PACKING CHARGES (CARTON)","Order_Form_ID":"12a28eb380234533e35e7c8abb56dfc4"},{"Customer_Name":"B","Calendar_week":28,"Amount":6.0,"PickAndPay":0,"Revenue":8993.64,"Invoice_Date":"2016-07-15","Article_Number":"103560727","Article_Name":"BELT 80X3X2530,0","Order_Form_ID":"bc411cf7adc489a945fcc618958668ae"},{"Customer_Name":"B","Calendar_week":28,"Amount":5.0,"PickAndPay":0,"Revenue":313.83,"Invoice_Date":"2016-07-15","Article_Number":"113463300","Article_Name":"RUBBER SPONGE CORD D=15","Order_Form_ID":"bc411cf7adc489a945fcc618958668ae"},{"Customer_Name":"B","Calendar_week":28,"Amount":2.0,"PickAndPay":0,"Revenue":1390.25,"Invoice_Date":"2016-07-15","Article_Number":"157004600","Article_Name":"TOOTHED BELT GT 30X8X1760","Order_Form_ID":"bc411cf7adc489a945fcc618958668ae"},{"Customer_Name":"B","Calendar_week":28,"Amount":28.0,"PickAndPay":0,"Revenue":1757.95,"Invoice_Date":"2016-07-15","Article_Number":"600287","Article_Name":"WIPER 40X 50X 5","Order_Form_ID":"bc411cf7adc489a945fcc618958668ae"},{"Customer_Name":"B","Calendar_week":28,"Amount":1.0,"PickAndPay":0,"Revenue":14945.99,"Invoice_Date":"2016-07-15","Article_Number":"184697005","Article_Name":"CONTROL BLOCK","Order_Form_ID":"bc411cf7adc489a945fcc618958668ae"},{"Customer_Name":"B","Calendar_week":28,"Amount":1.0,"PickAndPay":0,"Revenue":192.37,"Invoice_Date":"2016-07-15","Article_Number":"110991002","Article_Name":"PACKING CHARGES (CARTON) 300X300X200","Order_Form_ID":"bc411cf7adc489a945fcc618958668ae"}]}