{"data":[{"Customer_Name":"D","Calendar_week":38,"Amount":1.0,"PickAndPay":0,"Revenue":30116.22,"Invoice_Date":"2016-09-21","Article_Number":"101284800","Article_Name":"LIFTING SPINDLE GEAR TR 30X3X75","Order_Form_ID":"d75f1ac60d384da834bde7ca5d9be678"},{"Customer_Name":"D","Calendar_week":38,"Amount":1.0,"PickAndPay":0,"Revenue":30115.94,"Invoice_Date":"2016-09-21","Article_Number":"101284700","Article_Name":"LIFTING SPINDLE GEAR TR 30X3X75","Order_Form_ID":"d75f1ac60d384da834bde7ca5d9be678"},{"Customer_Name":"D","Calendar_week":38,"Amount":2.0,"PickAndPay":0,"Revenue":11184.14,"Invoice_Date":"2016-09-21","Article_Number":"119740200","Article_Name":"PRESSURE NUT 50\/20X125","Order_Form_ID":"d75f1ac60d384da834bde7ca5d9be678"},{"Customer_Name":"D","Calendar_week":38,"Amount":2.0,"PickAndPay":0,"Revenue":74.47,"Invoice_Date":"2016-09-21","Article_Number":"126215","Article_Name":"KEY A 14X 9X 20","Order_Form_ID":"d75f1ac60d384da834bde7ca5d9be678"},{"Customer_Name":"D","Calendar_week":38,"Amount":2.0,"PickAndPay":0,"Revenue":477.62,"Invoice_Date":"2016-09-21","Article_Number":"104216000","Article_Name":"WIPER 20X 30X 7","Order_Form_ID":"d75f1ac60d384da834bde7ca5d9be678"},{"Customer_Name":"D","Calendar_week":38,"Amount":1.0,"PickAndPay":0,"Revenue":192.37,"Invoice_Date":"2016-09-21","Article_Number":"110991002","Article_Name":"PACKING CHARGES (CARTON) 300X300X200","Order_Form_ID":"d75f1ac60d384da834bde7ca5d9be678"},{"Customer_Name":"D","Calendar_week":38,"Amount":50.0,"PickAndPay":0,"Revenue":21725.5,"Invoice_Date":"2016-09-23","Article_Number":"107440100","Article_Name":"NAP FOIL 120 MM BR\/25 M","Order_Form_ID":"737b082c1be0b8cf3d141f53a33f42ad"},{"Customer_Name":"D","Calendar_week":38,"Amount":1.0,"PickAndPay":0,"Revenue":192.37,"Invoice_Date":"2016-09-23","Article_Number":"110991003","Article_Name":"PACKING CHARGES (CARTON) 360X360X250","Order_Form_ID":"737b082c1be0b8cf3d141f53a33f42ad"},{"Customer_Name":"D","Calendar_week":39,"Amount":1.0,"PickAndPay":0,"Revenue":14229.56,"Invoice_Date":"2016-09-27","Article_Number":"121010611","Article_Name":"PLATE","Order_Form_ID":"82026b41ec6d0726814652f4bebced02"},{"Customer_Name":"D","Calendar_week":39,"Amount":2.0,"PickAndPay":0,"Revenue":15846.81,"Invoice_Date":"2016-09-27","Article_Number":"121010610","Article_Name":"SEALING RING K=1 1\/2\"","Order_Form_ID":"82026b41ec6d0726814652f4bebced02"},{"Customer_Name":"D","Calendar_week":39,"Amount":4.0,"PickAndPay":0,"Revenue":20766.7,"Invoice_Date":"2016-09-27","Article_Number":"121010616","Article_Name":"SEALING RING","Order_Form_ID":"82026b41ec6d0726814652f4bebced02"},{"Customer_Name":"D","Calendar_week":39,"Amount":4.0,"PickAndPay":0,"Revenue":3741.24,"Invoice_Date":"2016-09-27","Article_Number":"131672120","Article_Name":"O-RING 50,17X5,33","Order_Form_ID":"82026b41ec6d0726814652f4bebced02"},{"Customer_Name":"D","Calendar_week":39,"Amount":4.0,"PickAndPay":0,"Revenue":17765.79,"Invoice_Date":"2016-09-27","Article_Number":"121010617","Article_Name":"SEAL","Order_Form_ID":"82026b41ec6d0726814652f4bebced02"},{"Customer_Name":"D","Calendar_week":39,"Amount":4.0,"PickAndPay":0,"Revenue":2359.78,"Invoice_Date":"2016-09-27","Article_Number":"121010618","Article_Name":"SEAL ID=102 DICKE=2","Order_Form_ID":"82026b41ec6d0726814652f4bebced02"},{"Customer_Name":"D","Calendar_week":39,"Amount":4.0,"PickAndPay":0,"Revenue":32664.24,"Invoice_Date":"2016-09-27","Article_Number":"121010619","Article_Name":"SEAL","Order_Form_ID":"82026b41ec6d0726814652f4bebced02"},{"Customer_Name":"D","Calendar_week":39,"Amount":1.0,"PickAndPay":0,"Revenue":192.37,"Invoice_Date":"2016-09-27","Article_Number":"118308700","Article_Name":"PACKING CHARGES (CARTON) 330X163X172 MM","Order_Form_ID":"82026b41ec6d0726814652f4bebced02"},{"Customer_Name":"D","Calendar_week":41,"Amount":3.0,"PickAndPay":0,"Revenue":13015.73,"Invoice_Date":"2016-10-11","Article_Number":"109572801","Article_Name":"GROUT 25KG-SACK","Order_Form_ID":"6ec1eecb2f9ced551b6152563cdd7945"},{"Customer_Name":"D","Calendar_week":41,"Amount":1.0,"PickAndPay":0,"Revenue":1099.23,"Invoice_Date":"2016-10-11","Article_Number":"110680400","Article_Name":"PACKING CHARGES (PAL-BOX I) 830X580X680","Order_Form_ID":"6ec1eecb2f9ced551b6152563cdd7945"},{"Customer_Name":"D","Calendar_week":41,"Amount":2.0,"PickAndPay":0,"Revenue":10821.67,"Invoice_Date":"2016-10-12","Article_Number":"121067160","Article_Name":"STEAM HOSE 3\/4\"X930MM","Order_Form_ID":"8089009c95516df5108b9ef22c69cc6f"},{"Customer_Name":"D","Calendar_week":41,"Amount":1.0,"PickAndPay":0,"Revenue":192.37,"Invoice_Date":"2016-10-12","Article_Number":"110991007","Article_Name":"PACKING CHARGES (CARTON) 1100X200X200","Order_Form_ID":"8089009c95516df5108b9ef22c69cc6f"},{"Customer_Name":"D","Calendar_week":43,"Amount":1.0,"PickAndPay":1,"Revenue":160030.35,"Invoice_Date":"2016-10-27","Article_Number":"118027801","Article_Name":"PRESSURE BELT I-QUALITY 2540X 2800","Order_Form_ID":"ba89526650ba3534d0754311a481d029"},{"Customer_Name":"D","Calendar_week":43,"Amount":1.0,"PickAndPay":1,"Revenue":2500.75,"Invoice_Date":"2016-10-27","Article_Number":"100335700","Article_Name":"BACOMIN V42-50 UNIVERSAL 500ML\/BACOMIN V","Order_Form_ID":"ba89526650ba3534d0754311a481d029"},{"Customer_Name":"D","Calendar_week":43,"Amount":2.0,"PickAndPay":1,"Revenue":32.7,"Invoice_Date":"2016-10-27","Article_Number":"107254210","Article_Name":"FELT 46X35X10MM","Order_Form_ID":"ba89526650ba3534d0754311a481d029"},{"Customer_Name":"D","Calendar_week":43,"Amount":1.0,"PickAndPay":1,"Revenue":192.37,"Invoice_Date":"2016-10-28","Article_Number":"P030PA001","Article_Name":"PACKING","Order_Form_ID":"e8d0b7889a50ec628fabdbf87ec5116e"},{"Customer_Name":"D","Calendar_week":43,"Amount":1.0,"PickAndPay":1,"Revenue":2473.27,"Invoice_Date":"2016-10-28","Article_Number":"P030PA001","Article_Name":"PACKING","Order_Form_ID":"e8d0b7889a50ec628fabdbf87ec5116e"},{"Customer_Name":"D","Calendar_week":43,"Amount":1.0,"PickAndPay":1,"Revenue":1786.25,"Invoice_Date":"2016-10-28","Article_Number":"P030FR001","Article_Name":"FREIGHT CHARGES","Order_Form_ID":"e8d0b7889a50ec628fabdbf87ec5116e"},{"Customer_Name":"D","Calendar_week":43,"Amount":-1.0,"PickAndPay":1,"Revenue":-192.37,"Invoice_Date":"2016-10-28","Article_Number":"P030PA001","Article_Name":"PACKING","Order_Form_ID":"521488db38e1b91fb894fa6ab61cda8c"},{"Customer_Name":"D","Calendar_week":43,"Amount":-1.0,"PickAndPay":1,"Revenue":-2473.27,"Invoice_Date":"2016-10-28","Article_Number":"P030PA001","Article_Name":"PACKING","Order_Form_ID":"521488db38e1b91fb894fa6ab61cda8c"},{"Customer_Name":"D","Calendar_week":43,"Amount":-1.0,"PickAndPay":1,"Revenue":-1786.25,"Invoice_Date":"2016-10-28","Article_Number":"P030FR001","Article_Name":"FREIGHT CHARGES","Order_Form_ID":"521488db38e1b91fb894fa6ab61cda8c"},{"Customer_Name":"D","Calendar_week":44,"Amount":1.0,"PickAndPay":1,"Revenue":192.37,"Invoice_Date":"2016-11-03","Article_Number":"P030PA001","Article_Name":"PACKING","Order_Form_ID":"a3c17bb6cccdb9b195e9972ffa1f7063"},{"Customer_Name":"D","Calendar_week":44,"Amount":1.0,"PickAndPay":1,"Revenue":2473.27,"Invoice_Date":"2016-11-03","Article_Number":"P030PA001","Article_Name":"PACKING","Order_Form_ID":"a3c17bb6cccdb9b195e9972ffa1f7063"},{"Customer_Name":"D","Calendar_week":44,"Amount":1.0,"PickAndPay":1,"Revenue":1786.25,"Invoice_Date":"2016-11-03","Article_Number":"P030FR001","Article_Name":"FREIGHT CHARGES","Order_Form_ID":"a3c17bb6cccdb9b195e9972ffa1f7063"},{"Customer_Name":"D","Calendar_week":44,"Amount":-1.0,"PickAndPay":1,"Revenue":-192.37,"Invoice_Date":"2016-11-03","Article_Number":"P030PA001","Article_Name":"PACKING","Order_Form_ID":"c1faa0963cb4ec944e9c2636aa2834ca"},{"Customer_Name":"D","Calendar_week":44,"Amount":-1.0,"PickAndPay":1,"Revenue":-2473.27,"Invoice_Date":"2016-11-03","Article_Number":"P030PA001","Article_Name":"PACKING","Order_Form_ID":"c1faa0963cb4ec944e9c2636aa2834ca"},{"Customer_Name":"D","Calendar_week":44,"Amount":-1.0,"PickAndPay":1,"Revenue":-1786.25,"Invoice_Date":"2016-11-03","Article_Number":"P030FR001","Article_Name":"FREIGHT CHARGES","Order_Form_ID":"c1faa0963cb4ec944e9c2636aa2834ca"},{"Customer_Name":"D","Calendar_week":45,"Amount":1.0,"PickAndPay":1,"Revenue":192.37,"Invoice_Date":"2016-11-09","Article_Number":"P030PA001","Article_Name":"PACKING","Order_Form_ID":"606ed5dd50f4b3c3f2a8801f437463b7"},{"Customer_Name":"D","Calendar_week":45,"Amount":1.0,"PickAndPay":1,"Revenue":2473.27,"Invoice_Date":"2016-11-09","Article_Number":"P030PA001","Article_Name":"PACKING","Order_Form_ID":"606ed5dd50f4b3c3f2a8801f437463b7"},{"Customer_Name":"D","Calendar_week":45,"Amount":1.0,"PickAndPay":1,"Revenue":1786.25,"Invoice_Date":"2016-11-09","Article_Number":"P030FR001","Article_Name":"FREIGHT CHARGES","Order_Form_ID":"606ed5dd50f4b3c3f2a8801f437463b7"},{"Customer_Name":"D","Calendar_week":45,"Amount":3.0,"PickAndPay":0,"Revenue":13008.86,"Invoice_Date":"2016-11-11","Article_Number":"124309599","Article_Name":"FILTER ELEMENT NG100","Order_Form_ID":"14333b2652f972d12bdf27192a4264ca"},{"Customer_Name":"D","Calendar_week":45,"Amount":3.0,"PickAndPay":0,"Revenue":7534.69,"Invoice_Date":"2016-11-11","Article_Number":"110027299","Article_Name":"FILTER ELEMENT L=97MM, D=45MM","Order_Form_ID":"14333b2652f972d12bdf27192a4264ca"},{"Customer_Name":"D","Calendar_week":45,"Amount":1.0,"PickAndPay":0,"Revenue":192.37,"Invoice_Date":"2016-11-11","Article_Number":"118308700","Article_Name":"PACKING CHARGES (CARTON) 330X163X172 MM","Order_Form_ID":"14333b2652f972d12bdf27192a4264ca"},{"Customer_Name":"D","Calendar_week":49,"Amount":1.0,"PickAndPay":0,"Revenue":53584.82,"Invoice_Date":"2016-12-09","Article_Number":"109894000","Article_Name":"DRIVE MODULE 20A\/3PH\/540V","Order_Form_ID":"404901476ac504c96cd199e9542ce996"},{"Customer_Name":"D","Calendar_week":49,"Amount":1.0,"PickAndPay":0,"Revenue":42956.62,"Invoice_Date":"2016-12-09","Article_Number":"127985900","Article_Name":"CONTROLLER MODULE 24V","Order_Form_ID":"404901476ac504c96cd199e9542ce996"},{"Customer_Name":"D","Calendar_week":49,"Amount":1.0,"PickAndPay":0,"Revenue":19458.33,"Invoice_Date":"2016-12-09","Article_Number":"P030FR001","Article_Name":"FREIGHT CHARGES","Order_Form_ID":"404901476ac504c96cd199e9542ce996"},{"Customer_Name":"D","Calendar_week":50,"Amount":32.0,"PickAndPay":0,"Revenue":46436.24,"Invoice_Date":"2016-12-13","Article_Number":"155448002","Article_Name":"BHS-ACTIVE DECALCER 2,5L","Order_Form_ID":"a956c61c413d9a2a4bc6775888e3a8a2"},{"Customer_Name":"D","Calendar_week":50,"Amount":5.0,"PickAndPay":0,"Revenue":961.83,"Invoice_Date":"2016-12-13","Article_Number":"110991003","Article_Name":"PACKING CHARGES (CARTON) 360X360X250","Order_Form_ID":"a956c61c413d9a2a4bc6775888e3a8a2"},{"Customer_Name":"D","Calendar_week":50,"Amount":1.0,"PickAndPay":0,"Revenue":192.37,"Invoice_Date":"2016-12-13","Article_Number":"110991002","Article_Name":"PACKING CHARGES (CARTON) 300X300X200","Order_Form_ID":"a956c61c413d9a2a4bc6775888e3a8a2"},{"Customer_Name":"D","Calendar_week":51,"Amount":1.0,"PickAndPay":0,"Revenue":19247.56,"Invoice_Date":"2016-12-23","Article_Number":"104944921","Article_Name":"SLIDING POTENTIOMETER 5 K.OHM","Order_Form_ID":"bf543e7d1102077e4f3a813ef5015916"},{"Customer_Name":"D","Calendar_week":51,"Amount":1.0,"PickAndPay":0,"Revenue":192.37,"Invoice_Date":"2016-12-23","Article_Number":"110991000","Article_Name":"PACKING CHARGES (CARTON) 200X200X80","Order_Form_ID":"bf543e7d1102077e4f3a813ef5015916"},{"Customer_Name":"D","Calendar_week":52,"Amount":1.0,"PickAndPay":0,"Revenue":93434.74,"Invoice_Date":"2016-12-28","Article_Number":"P030LF001","Article_Name":"LENDING FEE","Order_Form_ID":"ad904203a22779d6cbb56e84c2e8eb57"},{"Customer_Name":"D","Calendar_week":52,"Amount":1.0,"PickAndPay":0,"Revenue":30855.17,"Invoice_Date":"2016-12-28","Article_Number":"P030FR001","Article_Name":"FREIGHT CHARGES","Order_Form_ID":"ad904203a22779d6cbb56e84c2e8eb57"},{"Customer_Name":"D","Calendar_week":52,"Amount":-1.0,"PickAndPay":0,"Revenue":-93434.74,"Invoice_Date":"2016-12-28","Article_Number":"P030LF001","Article_Name":"LENDING FEE","Order_Form_ID":"bf81794ca5b4ab4e9b1d3b82774f18a7"},{"Customer_Name":"D","Calendar_week":52,"Amount":-1.0,"PickAndPay":0,"Revenue":-30855.17,"Invoice_Date":"2016-12-28","Article_Number":"P030FR001","Article_Name":"FREIGHT CHARGES","Order_Form_ID":"bf81794ca5b4ab4e9b1d3b82774f18a7"},{"Customer_Name":"D","Calendar_week":52,"Amount":1.0,"PickAndPay":0,"Revenue":93434.74,"Invoice_Date":"2016-12-28","Article_Number":"P030LF001","Article_Name":"LENDING FEE","Order_Form_ID":"d10a3e0888c57c55c83584cdd3d4c830"},{"Customer_Name":"D","Calendar_week":52,"Amount":1.0,"PickAndPay":0,"Revenue":30855.17,"Invoice_Date":"2016-12-28","Article_Number":"P030FR001","Article_Name":"FREIGHT CHARGES","Order_Form_ID":"d10a3e0888c57c55c83584cdd3d4c830"},{"Customer_Name":"D","Calendar_week":52,"Amount":1.0,"PickAndPay":0,"Revenue":5839.67,"Invoice_Date":"2016-12-31","Article_Number":"BSP3000012","Article_Name":"Spare Part Repair","Order_Form_ID":"ca336d5c34e26288cdddd99830744f51"},{"Customer_Name":"D","Calendar_week":52,"Amount":1.0,"PickAndPay":0,"Revenue":5839.67,"Invoice_Date":"2016-12-31","Article_Number":"BSP3000012","Article_Name":"Spare Part Repair","Order_Form_ID":"ca336d5c34e26288cdddd99830744f51"},{"Customer_Name":"D","Calendar_week":52,"Amount":1.0,"PickAndPay":0,"Revenue":192.37,"Invoice_Date":"2016-12-31","Article_Number":"P030PA001","Article_Name":"PACKING","Order_Form_ID":"ca336d5c34e26288cdddd99830744f51"},{"Customer_Name":"D","Calendar_week":52,"Amount":1.0,"PickAndPay":0,"Revenue":4273.27,"Invoice_Date":"2016-12-31","Article_Number":"P030FR001","Article_Name":"FREIGHT CHARGES","Order_Form_ID":"ca336d5c34e26288cdddd99830744f51"},{"Customer_Name":"D","Calendar_week":2,"Amount":100.0,"PickAndPay":0,"Revenue":41282.22,"Invoice_Date":"2017-01-11","Article_Number":"107440100","Article_Name":"NAP FOIL 120 MM BR\/25 M","Order_Form_ID":"ff22d09931eab889d917892621b83433"},{"Customer_Name":"D","Calendar_week":2,"Amount":1.0,"PickAndPay":0,"Revenue":192.37,"Invoice_Date":"2017-01-11","Article_Number":"110991003","Article_Name":"PACKING CHARGES (CARTON) 360X360X250","Order_Form_ID":"ff22d09931eab889d917892621b83433"},{"Customer_Name":"D","Calendar_week":2,"Amount":1.0,"PickAndPay":0,"Revenue":22914.87,"Invoice_Date":"2017-01-13","Article_Number":"109894003","Article_Name":"CONTROLLER MODULE","Order_Form_ID":"73915407926bb57d5cf59cea1a595dc6"},{"Customer_Name":"D","Calendar_week":2,"Amount":1.0,"PickAndPay":0,"Revenue":26769.05,"Invoice_Date":"2017-01-13","Article_Number":"109893900","Article_Name":"BASE UNIT 380-460V, 28 A, 18 KW","Order_Form_ID":"73915407926bb57d5cf59cea1a595dc6"},{"Customer_Name":"D","Calendar_week":2,"Amount":1.0,"PickAndPay":0,"Revenue":26116.93,"Invoice_Date":"2017-01-13","Article_Number":"P030FR001","Article_Name":"FREIGHT CHARGES","Order_Form_ID":"73915407926bb57d5cf59cea1a595dc6"},{"Customer_Name":"D","Calendar_week":2,"Amount":1.0,"PickAndPay":0,"Revenue":2382.59,"Invoice_Date":"2017-01-13","Article_Number":"115977200","Article_Name":"CABLE GUIDING SYSTEM L=1410 MM","Order_Form_ID":"e5dcd014f8a20db13d6dc1f4402b05c1"},{"Customer_Name":"D","Calendar_week":2,"Amount":4.0,"PickAndPay":0,"Revenue":5606.08,"Invoice_Date":"2017-01-13","Article_Number":"102429200","Article_Name":"SEALING ELEMENT 25X15X638","Order_Form_ID":"edff851ab80b984b4bdcfaa8c04ce7db"},{"Customer_Name":"D","Calendar_week":2,"Amount":2.0,"PickAndPay":0,"Revenue":7101.04,"Invoice_Date":"2017-01-13","Article_Number":"102429400","Article_Name":"SEAL 4X360X205","Order_Form_ID":"edff851ab80b984b4bdcfaa8c04ce7db"},{"Customer_Name":"D","Calendar_week":2,"Amount":1.0,"PickAndPay":0,"Revenue":26116.93,"Invoice_Date":"2017-01-13","Article_Number":"P030FR001","Article_Name":"FREIGHT CHARGES","Order_Form_ID":"edff851ab80b984b4bdcfaa8c04ce7db"},{"Customer_Name":"D","Calendar_week":2,"Amount":1.0,"PickAndPay":0,"Revenue":53584.82,"Invoice_Date":"2017-01-13","Article_Number":"109894000","Article_Name":"DRIVE MODULE 20A\/3PH\/540V","Order_Form_ID":"73a4fdec6e0e4f7835e86d3beb0e7a00"},{"Customer_Name":"D","Calendar_week":2,"Amount":1.0,"PickAndPay":0,"Revenue":26116.93,"Invoice_Date":"2017-01-13","Article_Number":"P030FR001","Article_Name":"FREIGHT CHARGES","Order_Form_ID":"73a4fdec6e0e4f7835e86d3beb0e7a00"},{"Customer_Name":"D","Calendar_week":2,"Amount":33.0,"PickAndPay":0,"Revenue":3895.4,"Invoice_Date":"2017-01-13","Article_Number":"103373900","Article_Name":"FOIL 40 BR. 0,25 ST","Order_Form_ID":"028cdf237fee9679c8bf0864ed006030"},{"Customer_Name":"D","Calendar_week":2,"Amount":1.0,"PickAndPay":0,"Revenue":192.37,"Invoice_Date":"2017-01-13","Article_Number":"110991000","Article_Name":"PACKING CHARGES (CARTON) 200X200X80","Order_Form_ID":"028cdf237fee9679c8bf0864ed006030"},{"Customer_Name":"D","Calendar_week":2,"Amount":-4.0,"PickAndPay":0,"Revenue":-5606.08,"Invoice_Date":"2017-01-13","Article_Number":"102429200","Article_Name":"SEALING ELEMENT 25X15X638","Order_Form_ID":"f91b08d98f814b0b5f7b146206e6552b"},{"Customer_Name":"D","Calendar_week":2,"Amount":-2.0,"PickAndPay":0,"Revenue":-7101.04,"Invoice_Date":"2017-01-13","Article_Number":"102429400","Article_Name":"SEAL 4X360X205","Order_Form_ID":"f91b08d98f814b0b5f7b146206e6552b"},{"Customer_Name":"D","Calendar_week":2,"Amount":-1.0,"PickAndPay":0,"Revenue":-26116.93,"Invoice_Date":"2017-01-13","Article_Number":"P030FR001","Article_Name":"FREIGHT CHARGES","Order_Form_ID":"f91b08d98f814b0b5f7b146206e6552b"},{"Customer_Name":"D","Calendar_week":3,"Amount":4.0,"PickAndPay":0,"Revenue":5606.08,"Invoice_Date":"2017-01-17","Article_Number":"102429200","Article_Name":"SEALING ELEMENT 25X15X638","Order_Form_ID":"1f1d15b6d37dcfcb58462e31e80f6c8c"},{"Customer_Name":"D","Calendar_week":3,"Amount":2.0,"PickAndPay":0,"Revenue":7101.04,"Invoice_Date":"2017-01-17","Article_Number":"102429400","Article_Name":"SEAL 4X360X205","Order_Form_ID":"1f1d15b6d37dcfcb58462e31e80f6c8c"},{"Customer_Name":"D","Calendar_week":3,"Amount":1.0,"PickAndPay":0,"Revenue":26116.93,"Invoice_Date":"2017-01-17","Article_Number":"P030FR001","Article_Name":"FREIGHT CHARGES","Order_Form_ID":"1f1d15b6d37dcfcb58462e31e80f6c8c"},{"Customer_Name":"D","Calendar_week":4,"Amount":1.0,"PickAndPay":0,"Revenue":57787.19,"Invoice_Date":"2017-01-23","Article_Number":"109894000","Article_Name":"DRIVE MODULE 20A\/3PH\/540V","Order_Form_ID":"f07e6181653352dc8f1a03b4477ed938"},{"Customer_Name":"D","Calendar_week":4,"Amount":1.0,"PickAndPay":0,"Revenue":43856.07,"Invoice_Date":"2017-01-23","Article_Number":"127985900","Article_Name":"CONTROLLER MODULE 24V","Order_Form_ID":"f07e6181653352dc8f1a03b4477ed938"},{"Customer_Name":"D","Calendar_week":4,"Amount":1.0,"PickAndPay":0,"Revenue":192.37,"Invoice_Date":"2017-01-23","Article_Number":"V00000025","Article_Name":"PACKING CHARGES (CARTON)","Order_Form_ID":"f07e6181653352dc8f1a03b4477ed938"},{"Customer_Name":"D","Calendar_week":4,"Amount":1.0,"PickAndPay":0,"Revenue":192.37,"Invoice_Date":"2017-01-23","Article_Number":"110991002","Article_Name":"PACKING CHARGES (CARTON) 300X300X200","Order_Form_ID":"f07e6181653352dc8f1a03b4477ed938"},{"Customer_Name":"D","Calendar_week":6,"Amount":2.0,"PickAndPay":1,"Revenue":2803.04,"Invoice_Date":"2017-02-08","Article_Number":"102429200","Article_Name":"SEALING ELEMENT 25X15X638","Order_Form_ID":"e9a4b147f9ada8094cae2b3c8168d0b9"},{"Customer_Name":"D","Calendar_week":7,"Amount":1.0,"PickAndPay":0,"Revenue":149470.85,"Invoice_Date":"2017-02-15","Article_Number":"101608501","Article_Name":"CARDAN SHAFT LZ=915;V=225","Order_Form_ID":"b8ff55ccdb5b245c0a5b633c512d965a"},{"Customer_Name":"D","Calendar_week":7,"Amount":2.0,"PickAndPay":0,"Revenue":241.83,"Invoice_Date":"2017-02-15","Article_Number":"107461700","Article_Name":"SHIM 32\/ 6,4X4","Order_Form_ID":"b8ff55ccdb5b245c0a5b633c512d965a"},{"Customer_Name":"D","Calendar_week":7,"Amount":2.0,"PickAndPay":0,"Revenue":2178.68,"Invoice_Date":"2017-02-15","Article_Number":"180400","Article_Name":"PULLEY 17X47X12","Order_Form_ID":"b8ff55ccdb5b245c0a5b633c512d965a"},{"Customer_Name":"D","Calendar_week":7,"Amount":2.0,"PickAndPay":0,"Revenue":34.63,"Invoice_Date":"2017-02-15","Article_Number":"120725","Article_Name":"COUNTERSUNK SCREW M6X16","Order_Form_ID":"b8ff55ccdb5b245c0a5b633c512d965a"},{"Customer_Name":"D","Calendar_week":7,"Amount":2.0,"PickAndPay":0,"Revenue":5526.66,"Invoice_Date":"2017-02-15","Article_Number":"101702501","Article_Name":"BOLT 70X50","Order_Form_ID":"b8ff55ccdb5b245c0a5b633c512d965a"},{"Customer_Name":"D","Calendar_week":7,"Amount":5.0,"PickAndPay":0,"Revenue":7868.03,"Invoice_Date":"2017-02-15","Article_Number":"114687600","Article_Name":"PNEUMATIC CYLINDER 12X 25-M 5  DW","Order_Form_ID":"b8ff55ccdb5b245c0a5b633c512d965a"},{"Customer_Name":"D","Calendar_week":7,"Amount":38.0,"PickAndPay":0,"Revenue":20930.76,"Invoice_Date":"2017-02-15","Article_Number":"136481820","Article_Name":"NO-CRUSH-ROLLER 180X65X50","Order_Form_ID":"b8ff55ccdb5b245c0a5b633c512d965a"},{"Customer_Name":"D","Calendar_week":7,"Amount":1.0,"PickAndPay":0,"Revenue":2748.08,"Invoice_Date":"2017-02-15","Article_Number":"V00000005","Article_Name":"PACKING CHARGES (BOX) 1540X540X340MM","Order_Form_ID":"b8ff55ccdb5b245c0a5b633c512d965a"},{"Customer_Name":"D","Calendar_week":8,"Amount":4.0,"PickAndPay":0,"Revenue":12695.03,"Invoice_Date":"2017-02-23","Article_Number":"111125390","Article_Name":"GLUE DAM JOINT 3X260X220","Order_Form_ID":"e4473a7c6f8c9af51399e7bed8e454c5"},{"Customer_Name":"D","Calendar_week":8,"Amount":1.0,"PickAndPay":0,"Revenue":192.37,"Invoice_Date":"2017-02-23","Article_Number":"118308700","Article_Name":"PACKING CHARGES (CARTON) 330X163X172 MM","Order_Form_ID":"e4473a7c6f8c9af51399e7bed8e454c5"},{"Customer_Name":"D","Calendar_week":8,"Amount":1.0,"PickAndPay":1,"Revenue":192.37,"Invoice_Date":"2017-02-24","Article_Number":"P030PA001","Article_Name":"PACKING","Order_Form_ID":"4ecde0a3bc7ad74bde2326fcfcb8f81c"},{"Customer_Name":"D","Calendar_week":8,"Amount":1.0,"PickAndPay":1,"Revenue":1607.9,"Invoice_Date":"2017-02-24","Article_Number":"P030FR001","Article_Name":"FREIGHT CHARGES","Order_Form_ID":"4ecde0a3bc7ad74bde2326fcfcb8f81c"},{"Customer_Name":"D","Calendar_week":13,"Amount":1.0,"PickAndPay":0,"Revenue":79536.32,"Invoice_Date":"2017-03-27","Article_Number":"132914600","Article_Name":"FREQUENCY CONTROLLER 5,5KW 4Q 13A","Order_Form_ID":"9e059a2114abec67bd755467cf067e80"},{"Customer_Name":"D","Calendar_week":13,"Amount":1.0,"PickAndPay":0,"Revenue":26116.93,"Invoice_Date":"2017-03-27","Article_Number":"P030FR001","Article_Name":"FREIGHT CHARGES","Order_Form_ID":"9e059a2114abec67bd755467cf067e80"},{"Customer_Name":"D","Calendar_week":13,"Amount":1.0,"PickAndPay":0,"Revenue":44346.33,"Invoice_Date":"2017-03-30","Article_Number":"101608412","Article_Name":"PART OF CASE","Order_Form_ID":"042db3b4857c8ccaffa0dbac44a29468"},{"Customer_Name":"D","Calendar_week":13,"Amount":1.0,"PickAndPay":0,"Revenue":44070.97,"Invoice_Date":"2017-03-30","Article_Number":"101608411","Article_Name":"HUB PART","Order_Form_ID":"042db3b4857c8ccaffa0dbac44a29468"},{"Customer_Name":"D","Calendar_week":13,"Amount":1.0,"PickAndPay":0,"Revenue":1114.35,"Invoice_Date":"2017-03-30","Article_Number":"101702202","Article_Name":"SEALING RING 131\/111X10","Order_Form_ID":"042db3b4857c8ccaffa0dbac44a29468"},{"Customer_Name":"D","Calendar_week":13,"Amount":1.0,"PickAndPay":0,"Revenue":192.37,"Invoice_Date":"2017-03-30","Article_Number":"110991001","Article_Name":"PACKING CHARGES (CARTON) 200X200X150","Order_Form_ID":"042db3b4857c8ccaffa0dbac44a29468"},{"Customer_Name":"D","Calendar_week":14,"Amount":1.0,"PickAndPay":0,"Revenue":8675.97,"Invoice_Date":"2017-04-04","Article_Number":"103527900","Article_Name":"SUPPORT 50X28X280","Order_Form_ID":"5968b0f61dec555e0407f93115c1945d"},{"Customer_Name":"D","Calendar_week":14,"Amount":1.0,"PickAndPay":0,"Revenue":192.37,"Invoice_Date":"2017-04-04","Article_Number":"118308700","Article_Name":"PACKING CHARGES (CARTON) 330X163X172 MM","Order_Form_ID":"5968b0f61dec555e0407f93115c1945d"},{"Customer_Name":"D","Calendar_week":14,"Amount":15.0,"PickAndPay":1,"Revenue":245.13,"Invoice_Date":"2017-04-05","Article_Number":"107254210","Article_Name":"FELT 46X35X10MM","Order_Form_ID":"122d3c609f2b93afe22e83d7222f9e82"},{"Customer_Name":"D","Calendar_week":14,"Amount":1.0,"PickAndPay":1,"Revenue":2500.75,"Invoice_Date":"2017-04-05","Article_Number":"100335700","Article_Name":"BACOMIN V42-50 UNIVERSAL 500ML\/BACOMIN V","Order_Form_ID":"122d3c609f2b93afe22e83d7222f9e82"},{"Customer_Name":"D","Calendar_week":14,"Amount":1.0,"PickAndPay":1,"Revenue":1378.16,"Invoice_Date":"2017-04-05","Article_Number":"111125198","Article_Name":"GLUE DAM JOINT 3X128X197","Order_Form_ID":"122d3c609f2b93afe22e83d7222f9e82"},{"Customer_Name":"D","Calendar_week":14,"Amount":1.0,"PickAndPay":1,"Revenue":1378.16,"Invoice_Date":"2017-04-05","Article_Number":"111125199","Article_Name":"GLUE DAM JOINT 3X128X197","Order_Form_ID":"122d3c609f2b93afe22e83d7222f9e82"},{"Customer_Name":"D","Calendar_week":14,"Amount":2.0,"PickAndPay":1,"Revenue":3036.63,"Invoice_Date":"2017-04-05","Article_Number":"111125301","Article_Name":"GLUE DAM JOINT 3X260X220","Order_Form_ID":"122d3c609f2b93afe22e83d7222f9e82"},{"Customer_Name":"D","Calendar_week":14,"Amount":1.0,"PickAndPay":1,"Revenue":160030.35,"Invoice_Date":"2017-04-05","Article_Number":"118027801","Article_Name":"PRESSURE BELT I-QUALITY 2540X 2800","Order_Form_ID":"122d3c609f2b93afe22e83d7222f9e82"},{"Customer_Name":"D","Calendar_week":14,"Amount":1.0,"PickAndPay":1,"Revenue":192.37,"Invoice_Date":"2017-04-05","Article_Number":"P030PA001","Article_Name":"PACKING","Order_Form_ID":"3442bae4a29bfe5329e7bd7581a2157f"},{"Customer_Name":"D","Calendar_week":14,"Amount":1.0,"PickAndPay":1,"Revenue":2473.27,"Invoice_Date":"2017-04-05","Article_Number":"P030PA001","Article_Name":"PACKING","Order_Form_ID":"3442bae4a29bfe5329e7bd7581a2157f"},{"Customer_Name":"D","Calendar_week":14,"Amount":1.0,"PickAndPay":1,"Revenue":7213.71,"Invoice_Date":"2017-04-05","Article_Number":"P030FR001","Article_Name":"FREIGHT CHARGES","Order_Form_ID":"3442bae4a29bfe5329e7bd7581a2157f"},{"Customer_Name":"D","Calendar_week":17,"Amount":1.0,"PickAndPay":0,"Revenue":3202.89,"Invoice_Date":"2017-04-27","Article_Number":"104196402","Article_Name":"FLAT BELT 50X2,4X1920","Order_Form_ID":"934d7b596f4f3cc41f43c82113415b73"},{"Customer_Name":"D","Calendar_week":17,"Amount":1.0,"PickAndPay":0,"Revenue":192.37,"Invoice_Date":"2017-04-27","Article_Number":"110991000","Article_Name":"PACKING CHARGES (CARTON) 200X200X80","Order_Form_ID":"934d7b596f4f3cc41f43c82113415b73"},{"Customer_Name":"D","Calendar_week":17,"Amount":1.0,"PickAndPay":1,"Revenue":160030.35,"Invoice_Date":"2017-04-28","Article_Number":"118027801","Article_Name":"PRESSURE BELT I-QUALITY 2540X 2800","Order_Form_ID":"d1cb484cf2f51089d958dc690312cb03"},{"Customer_Name":"D","Calendar_week":18,"Amount":1.0,"PickAndPay":0,"Revenue":42956.62,"Invoice_Date":"2017-05-02","Article_Number":"127985900","Article_Name":"CONTROLLER MODULE 24V","Order_Form_ID":"fc420e2bdea9fcf1329d929f90281c2a"},{"Customer_Name":"D","Calendar_week":18,"Amount":1.0,"PickAndPay":0,"Revenue":26116.93,"Invoice_Date":"2017-05-02","Article_Number":"P030FR001","Article_Name":"FREIGHT CHARGES","Order_Form_ID":"fc420e2bdea9fcf1329d929f90281c2a"},{"Customer_Name":"D","Calendar_week":18,"Amount":1.0,"PickAndPay":1,"Revenue":2473.27,"Invoice_Date":"2017-05-03","Article_Number":"P030PA001","Article_Name":"PACKING","Order_Form_ID":"84c9aaed8853bc5062eaf0d7c861b260"},{"Customer_Name":"D","Calendar_week":18,"Amount":1.0,"PickAndPay":1,"Revenue":2407.59,"Invoice_Date":"2017-05-03","Article_Number":"P030FR001","Article_Name":"FREIGHT CHARGES","Order_Form_ID":"84c9aaed8853bc5062eaf0d7c861b260"},{"Customer_Name":"D","Calendar_week":22,"Amount":1.0,"PickAndPay":0,"Revenue":103199.22,"Invoice_Date":"2017-05-29","Article_Number":"116589003","Article_Name":"COMPUTER","Order_Form_ID":"d56bc95ae5acf5a30fc9f1f5ac182392"},{"Customer_Name":"D","Calendar_week":22,"Amount":1.0,"PickAndPay":0,"Revenue":14262.54,"Invoice_Date":"2017-05-29","Article_Number":"116864300","Article_Name":"INTERFACE IM182","Order_Form_ID":"d56bc95ae5acf5a30fc9f1f5ac182392"},{"Customer_Name":"D","Calendar_week":22,"Amount":2.0,"PickAndPay":0,"Revenue":47697.89,"Invoice_Date":"2017-05-29","Article_Number":"109894003","Article_Name":"CONTROLLER MODULE","Order_Form_ID":"d56bc95ae5acf5a30fc9f1f5ac182392"},{"Customer_Name":"D","Calendar_week":22,"Amount":1.0,"PickAndPay":0,"Revenue":2473.27,"Invoice_Date":"2017-05-29","Article_Number":"V00000012","Article_Name":"PACKING CHARGES (BOX) 790X380X380MM","Order_Form_ID":"d56bc95ae5acf5a30fc9f1f5ac182392"},{"Customer_Name":"D","Calendar_week":25,"Amount":140.0,"PickAndPay":0,"Revenue":20577.9,"Invoice_Date":"2017-06-19","Article_Number":"102735700","Article_Name":"DISK 300X40X30","Order_Form_ID":"8993a10e73c0a85bf6be5700b2b90b07"},{"Customer_Name":"D","Calendar_week":25,"Amount":1.0,"PickAndPay":0,"Revenue":1374.04,"Invoice_Date":"2017-06-19","Article_Number":"110680300","Article_Name":"PACKING CHARGES (PAL-BOX III) 1070X710X8","Order_Form_ID":"8993a10e73c0a85bf6be5700b2b90b07"},{"Customer_Name":"D","Calendar_week":26,"Amount":1.0,"PickAndPay":0,"Revenue":37992.49,"Invoice_Date":"2017-06-26","Article_Number":"100648000","Article_Name":"TRANSMITTER FREIPR. MAX1024","Order_Form_ID":"1a57244cc202391e52b4f77538eb6e74"},{"Customer_Name":"D","Calendar_week":26,"Amount":1.0,"PickAndPay":0,"Revenue":192.37,"Invoice_Date":"2017-06-26","Article_Number":"118308700","Article_Name":"PACKING CHARGES (CARTON) 330X163X172 MM","Order_Form_ID":"1a57244cc202391e52b4f77538eb6e74"},{"Customer_Name":"D","Calendar_week":26,"Amount":10.0,"PickAndPay":0,"Revenue":12740.38,"Invoice_Date":"2017-06-27","Article_Number":"111226800","Article_Name":"COUPLING M10","Order_Form_ID":"0626f1ff4662e7a5aa0b85253aae6094"},{"Customer_Name":"D","Calendar_week":26,"Amount":1.0,"PickAndPay":0,"Revenue":192.37,"Invoice_Date":"2017-06-27","Article_Number":"110991000","Article_Name":"PACKING CHARGES (CARTON) 200X200X80","Order_Form_ID":"0626f1ff4662e7a5aa0b85253aae6094"},{"Customer_Name":"D","Calendar_week":29,"Amount":1.0,"PickAndPay":1,"Revenue":1378.16,"Invoice_Date":"2017-07-18","Article_Number":"111125199","Article_Name":"GLUE DAM JOINT 3X128X197","Order_Form_ID":"55c629345ba18224d7b5f26ca2c32866"},{"Customer_Name":"D","Calendar_week":29,"Amount":1.0,"PickAndPay":1,"Revenue":1378.16,"Invoice_Date":"2017-07-18","Article_Number":"111125198","Article_Name":"GLUE DAM JOINT 3X128X197","Order_Form_ID":"55c629345ba18224d7b5f26ca2c32866"},{"Customer_Name":"D","Calendar_week":29,"Amount":2.0,"PickAndPay":1,"Revenue":3036.63,"Invoice_Date":"2017-07-18","Article_Number":"111125301","Article_Name":"GLUE DAM JOINT 3X260X220","Order_Form_ID":"55c629345ba18224d7b5f26ca2c32866"},{"Customer_Name":"D","Calendar_week":29,"Amount":1.0,"PickAndPay":1,"Revenue":931.87,"Invoice_Date":"2017-07-18","Article_Number":"364361","Article_Name":"SCRAPER BLADE 2550X50X0.8","Order_Form_ID":"55c629345ba18224d7b5f26ca2c32866"},{"Customer_Name":"D","Calendar_week":30,"Amount":1.0,"PickAndPay":0,"Revenue":44979.21,"Invoice_Date":"2017-07-26","Article_Number":"208780610","Article_Name":"BHS KNIFE SET 2500MM","Order_Form_ID":"57217c074225cbae59be55d37dc3b638"},{"Customer_Name":"D","Calendar_week":30,"Amount":100.0,"PickAndPay":0,"Revenue":29697.68,"Invoice_Date":"2017-07-26","Article_Number":"105159801","Article_Name":"BALL-PRESSURE SCREW BNM 8X 35","Order_Form_ID":"57217c074225cbae59be55d37dc3b638"},{"Customer_Name":"D","Calendar_week":30,"Amount":1.0,"PickAndPay":0,"Revenue":17218.65,"Invoice_Date":"2017-07-26","Article_Number":"100511200","Article_Name":"PRESSURE CONTROL VALVE G1\/8; 0.1-6 BAR","Order_Form_ID":"57217c074225cbae59be55d37dc3b638"},{"Customer_Name":"D","Calendar_week":30,"Amount":1.0,"PickAndPay":0,"Revenue":1374.04,"Invoice_Date":"2017-07-26","Article_Number":"V00000007","Article_Name":"PACKING CHARGES (BOX) 2670X100X110MM","Order_Form_ID":"57217c074225cbae59be55d37dc3b638"},{"Customer_Name":"D","Calendar_week":30,"Amount":1.0,"PickAndPay":0,"Revenue":192.37,"Invoice_Date":"2017-07-26","Article_Number":"110991001","Article_Name":"PACKING CHARGES (CARTON) 200X200X150","Order_Form_ID":"57217c074225cbae59be55d37dc3b638"},{"Customer_Name":"D","Calendar_week":30,"Amount":1.0,"PickAndPay":1,"Revenue":197.86,"Invoice_Date":"2017-07-27","Article_Number":"P030PA001","Article_Name":"PACKING","Order_Form_ID":"97cb7ad8f3800e90941ff3e65d903074"},{"Customer_Name":"D","Calendar_week":30,"Amount":1.0,"PickAndPay":1,"Revenue":2751.93,"Invoice_Date":"2017-07-27","Article_Number":"P030FR001","Article_Name":"FREIGHT CHARGES","Order_Form_ID":"97cb7ad8f3800e90941ff3e65d903074"},{"Customer_Name":"D","Calendar_week":31,"Amount":1.0,"PickAndPay":1,"Revenue":17176.33,"Invoice_Date":"2017-07-31","Article_Number":"105073800","Article_Name":"KNIFE 2540X30X8 AB2500","Order_Form_ID":"7db2cf7f5f7fd3b0a19d3b536c47a85b"},{"Customer_Name":"D","Calendar_week":31,"Amount":1.0,"PickAndPay":1,"Revenue":17176.33,"Invoice_Date":"2017-07-31","Article_Number":"105073700","Article_Name":"KNIFE 2540X30X8 AB2500","Order_Form_ID":"7db2cf7f5f7fd3b0a19d3b536c47a85b"},{"Customer_Name":"D","Calendar_week":31,"Amount":86.0,"PickAndPay":1,"Revenue":2883.29,"Invoice_Date":"2017-07-31","Article_Number":"177592300","Article_Name":"PLATE SPRING 8,4X15X2","Order_Form_ID":"7db2cf7f5f7fd3b0a19d3b536c47a85b"},{"Customer_Name":"D","Calendar_week":31,"Amount":86.0,"PickAndPay":1,"Revenue":1441.64,"Invoice_Date":"2017-07-31","Article_Number":"100441800","Article_Name":"SUPPORTING PLATE S 10X16X1,2","Order_Form_ID":"7db2cf7f5f7fd3b0a19d3b536c47a85b"},{"Customer_Name":"D","Calendar_week":31,"Amount":86.0,"PickAndPay":1,"Revenue":1441.64,"Invoice_Date":"2017-07-31","Article_Number":"191757201","Article_Name":"LENS HEAD SCREW M8X25","Order_Form_ID":"7db2cf7f5f7fd3b0a19d3b536c47a85b"},{"Customer_Name":"D","Calendar_week":31,"Amount":8.0,"PickAndPay":1,"Revenue":268.21,"Invoice_Date":"2017-07-31","Article_Number":"191757200","Article_Name":"LENS HEAD SCREW M8X16","Order_Form_ID":"7db2cf7f5f7fd3b0a19d3b536c47a85b"},{"Customer_Name":"D","Calendar_week":31,"Amount":2.0,"PickAndPay":1,"Revenue":235.79,"Invoice_Date":"2017-07-31","Article_Number":"177671310","Article_Name":"ADHESIVE LABEL","Order_Form_ID":"7db2cf7f5f7fd3b0a19d3b536c47a85b"},{"Customer_Name":"D","Calendar_week":31,"Amount":1.0,"PickAndPay":1,"Revenue":161.04,"Invoice_Date":"2017-07-31","Article_Number":"173687700","Article_Name":"TORX SOCKET GR.TX40 1\/2-ZOLL","Order_Form_ID":"7db2cf7f5f7fd3b0a19d3b536c47a85b"},{"Customer_Name":"D","Calendar_week":31,"Amount":2.0,"PickAndPay":1,"Revenue":32.7,"Invoice_Date":"2017-07-31","Article_Number":"107254210","Article_Name":"FELT 46X35X10MM","Order_Form_ID":"7db2cf7f5f7fd3b0a19d3b536c47a85b"},{"Customer_Name":"D","Calendar_week":31,"Amount":11.0,"PickAndPay":1,"Revenue":5267.25,"Invoice_Date":"2017-07-31","Article_Number":"123052310","Article_Name":"NO-CRUSH-ROLLER 165X65X50","Order_Form_ID":"7db2cf7f5f7fd3b0a19d3b536c47a85b"},{"Customer_Name":"D","Calendar_week":32,"Amount":1.0,"PickAndPay":1,"Revenue":1571.9,"Invoice_Date":"2017-08-11","Article_Number":"P030PA001","Article_Name":"PACKING","Order_Form_ID":"63c46a6f5e60e1e8d638ae48b7176e24"},{"Customer_Name":"D","Calendar_week":32,"Amount":1.0,"PickAndPay":1,"Revenue":6001.26,"Invoice_Date":"2017-08-11","Article_Number":"P030FR001","Article_Name":"FREIGHT CHARGES","Order_Form_ID":"63c46a6f5e60e1e8d638ae48b7176e24"},{"Customer_Name":"D","Calendar_week":34,"Amount":86.0,"PickAndPay":0,"Revenue":3669.51,"Invoice_Date":"2017-08-22","Article_Number":"110591800","Article_Name":"ADJUSTING SCREW M6X10","Order_Form_ID":"dbfeb1a805d8ee1d9ba92803275525b4"},{"Customer_Name":"D","Calendar_week":34,"Amount":1.0,"PickAndPay":0,"Revenue":192.37,"Invoice_Date":"2017-08-22","Article_Number":"110991000","Article_Name":"PACKING CHARGES (CARTON) 200X200X80","Order_Form_ID":"dbfeb1a805d8ee1d9ba92803275525b4"},{"Customer_Name":"D","Calendar_week":36,"Amount":1.0,"PickAndPay":0,"Revenue":25227.38,"Invoice_Date":"2017-09-06","Article_Number":"112540500","Article_Name":"3\/2-WAY-BALL COCK 1 1\/2\" DN40","Order_Form_ID":"8608db87e6454b08405e72a6a803fb40"},{"Customer_Name":"D","Calendar_week":36,"Amount":1.0,"PickAndPay":0,"Revenue":2316.63,"Invoice_Date":"2017-09-06","Article_Number":"112540520","Article_Name":"SET OF SEALS 1 1\/2\"","Order_Form_ID":"8608db87e6454b08405e72a6a803fb40"},{"Customer_Name":"D","Calendar_week":36,"Amount":1.0,"PickAndPay":0,"Revenue":2310.31,"Invoice_Date":"2017-09-06","Article_Number":"112540525","Article_Name":"SET OF SEALS 1 1\/2\"","Order_Form_ID":"8608db87e6454b08405e72a6a803fb40"},{"Customer_Name":"D","Calendar_week":36,"Amount":1.0,"PickAndPay":0,"Revenue":192.37,"Invoice_Date":"2017-09-06","Article_Number":"110991002","Article_Name":"PACKING CHARGES (CARTON) 300X300X200","Order_Form_ID":"8608db87e6454b08405e72a6a803fb40"},{"Customer_Name":"D","Calendar_week":36,"Amount":-100.0,"PickAndPay":0,"Revenue":-28731.18,"Invoice_Date":"2017-09-06","Article_Number":"105159801","Article_Name":"BALL-PRESSURE SCREW BNM 8X 35","Order_Form_ID":"422de5168ad03bfce943dd277272198c"},{"Customer_Name":"D","Calendar_week":37,"Amount":33.0,"PickAndPay":0,"Revenue":3895.4,"Invoice_Date":"2017-09-11","Article_Number":"103373900","Article_Name":"FOIL 40 BR. 0,25 ST","Order_Form_ID":"5a43c10b9969ec9c06c94bf0d12b4fc9"},{"Customer_Name":"D","Calendar_week":37,"Amount":1.0,"PickAndPay":0,"Revenue":192.37,"Invoice_Date":"2017-09-11","Article_Number":"110991000","Article_Name":"PACKING CHARGES (CARTON) 200X200X80","Order_Form_ID":"5a43c10b9969ec9c06c94bf0d12b4fc9"},{"Customer_Name":"D","Calendar_week":38,"Amount":1.0,"PickAndPay":0,"Revenue":23358.68,"Invoice_Date":"2017-09-18","Article_Number":"BSP3000012","Article_Name":"Spare Part Repair","Order_Form_ID":"dd6703545d5ee9612aa4ad9eeaa4f926"},{"Customer_Name":"D","Calendar_week":38,"Amount":1.0,"PickAndPay":0,"Revenue":3085.27,"Invoice_Date":"2017-09-18","Article_Number":"P030FR001","Article_Name":"FREIGHT CHARGES","Order_Form_ID":"dd6703545d5ee9612aa4ad9eeaa4f926"},{"Customer_Name":"D","Calendar_week":39,"Amount":20.0,"PickAndPay":0,"Revenue":5910.02,"Invoice_Date":"2017-09-29","Article_Number":"181300.02","Article_Name":"SEAL D116X99X2","Order_Form_ID":"9c390d143f66185b745196a97941a38d"},{"Customer_Name":"D","Calendar_week":39,"Amount":2.0,"PickAndPay":0,"Revenue":32632.36,"Invoice_Date":"2017-09-29","Article_Number":"181300.14","Article_Name":"NIPPLE J.2504 Q","Order_Form_ID":"9c390d143f66185b745196a97941a38d"},{"Customer_Name":"D","Calendar_week":39,"Amount":6.0,"PickAndPay":0,"Revenue":10553.18,"Invoice_Date":"2017-09-29","Article_Number":"181302","Article_Name":"SEALING RING 89,1X59,7X19,5 MM","Order_Form_ID":"9c390d143f66185b745196a97941a38d"},{"Customer_Name":"D","Calendar_week":39,"Amount":1.0,"PickAndPay":0,"Revenue":192.37,"Invoice_Date":"2017-09-29","Article_Number":"118308700","Article_Name":"PACKING CHARGES (CARTON) 330X163X172 MM","Order_Form_ID":"9c390d143f66185b745196a97941a38d"},{"Customer_Name":"D","Calendar_week":42,"Amount":1.0,"PickAndPay":0,"Revenue":17472.3,"Invoice_Date":"2017-10-17","Article_Number":"122037500","Article_Name":"PRESSURE CONTROL VALVE G1\/4-QN1000","Order_Form_ID":"5e04149b149afe96d2f07ed96c5b233e"},{"Customer_Name":"D","Calendar_week":42,"Amount":1.0,"PickAndPay":0,"Revenue":3389.76,"Invoice_Date":"2017-10-17","Article_Number":"102331301","Article_Name":"2\/2 WAY SOLENOID VALVE G1\/2 - NW12","Order_Form_ID":"5e04149b149afe96d2f07ed96c5b233e"},{"Customer_Name":"D","Calendar_week":42,"Amount":1.0,"PickAndPay":0,"Revenue":192.37,"Invoice_Date":"2017-10-17","Article_Number":"110991000","Article_Name":"PACKING CHARGES (CARTON) 200X200X80","Order_Form_ID":"5e04149b149afe96d2f07ed96c5b233e"},{"Customer_Name":"D","Calendar_week":43,"Amount":2.0,"PickAndPay":0,"Revenue":11667.25,"Invoice_Date":"2017-10-24","Article_Number":"121068460","Article_Name":"STEAM HOSE 1 1\/4\"\/1\"X970MM","Order_Form_ID":"fe7f3c22f31c55e80249e847e9e9c75c"},{"Customer_Name":"D","Calendar_week":43,"Amount":1.0,"PickAndPay":0,"Revenue":192.37,"Invoice_Date":"2017-10-24","Article_Number":"110991007","Article_Name":"PACKING CHARGES (CARTON) 1100X200X200","Order_Form_ID":"fe7f3c22f31c55e80249e847e9e9c75c"},{"Customer_Name":"D","Calendar_week":43,"Amount":1.0,"PickAndPay":0,"Revenue":712302.49,"Invoice_Date":"2017-10-24","Article_Number":"BSP3000012","Article_Name":"Spare Part Repair","Order_Form_ID":"a47ae2989966347ef55b3cfb4e312aa1"},{"Customer_Name":"D","Calendar_week":44,"Amount":-1.0,"PickAndPay":0,"Revenue":-712302.49,"Invoice_Date":"2017-11-03","Article_Number":"BSP3000012","Article_Name":"Spare Part Repair","Order_Form_ID":"958696c485a6889c2cc2e59a4885cc86"},{"Customer_Name":"D","Calendar_week":45,"Amount":1.0,"PickAndPay":0,"Revenue":6872.95,"Invoice_Date":"2017-11-08","Article_Number":"102816502","Article_Name":"PRESSURE GAUGE 0-100MBAR;R1\/4\"","Order_Form_ID":"8f4079e8f308a4a4e5063143fc123bbc"},{"Customer_Name":"D","Calendar_week":45,"Amount":2.0,"PickAndPay":0,"Revenue":27307.95,"Invoice_Date":"2017-11-08","Article_Number":"101519000","Article_Name":"CARDAN SHAFT S= 270 X= 40","Order_Form_ID":"8f4079e8f308a4a4e5063143fc123bbc"},{"Customer_Name":"D","Calendar_week":45,"Amount":1.0,"PickAndPay":0,"Revenue":192.37,"Invoice_Date":"2017-11-08","Article_Number":"110991002","Article_Name":"PACKING CHARGES (CARTON) 300X300X200","Order_Form_ID":"8f4079e8f308a4a4e5063143fc123bbc"},{"Customer_Name":"D","Calendar_week":50,"Amount":1.0,"PickAndPay":1,"Revenue":931.87,"Invoice_Date":"2017-12-11","Article_Number":"364361","Article_Name":"SCRAPER BLADE 2550X50X0.8","Order_Form_ID":"653dcec043df3ac23032e62e4de2267f"},{"Customer_Name":"D","Calendar_week":50,"Amount":1.0,"PickAndPay":1,"Revenue":1027.78,"Invoice_Date":"2017-12-11","Article_Number":"601135","Article_Name":"GLUE 1PC=1L","Order_Form_ID":"653dcec043df3ac23032e62e4de2267f"},{"Customer_Name":"D","Calendar_week":50,"Amount":86.0,"PickAndPay":1,"Revenue":1441.64,"Invoice_Date":"2017-12-11","Article_Number":"100441800","Article_Name":"SUPPORTING PLATE S 10X16X1,2","Order_Form_ID":"653dcec043df3ac23032e62e4de2267f"},{"Customer_Name":"D","Calendar_week":50,"Amount":20.0,"PickAndPay":1,"Revenue":4765.17,"Invoice_Date":"2017-12-11","Article_Number":"100868500","Article_Name":"RUBBER PROFILE 26X31, PACKING UNIT: 5M","Order_Form_ID":"653dcec043df3ac23032e62e4de2267f"},{"Customer_Name":"D","Calendar_week":50,"Amount":1.0,"PickAndPay":1,"Revenue":17176.33,"Invoice_Date":"2017-12-11","Article_Number":"105073700","Article_Name":"KNIFE 2540X30X8 AB2500","Order_Form_ID":"653dcec043df3ac23032e62e4de2267f"},{"Customer_Name":"D","Calendar_week":50,"Amount":1.0,"PickAndPay":1,"Revenue":17176.33,"Invoice_Date":"2017-12-11","Article_Number":"105073800","Article_Name":"KNIFE 2540X30X8 AB2500","Order_Form_ID":"653dcec043df3ac23032e62e4de2267f"},{"Customer_Name":"D","Calendar_week":50,"Amount":4.0,"PickAndPay":1,"Revenue":65.4,"Invoice_Date":"2017-12-11","Article_Number":"107254210","Article_Name":"FELT 46X35X10MM","Order_Form_ID":"653dcec043df3ac23032e62e4de2267f"},{"Customer_Name":"D","Calendar_week":50,"Amount":1.0,"PickAndPay":1,"Revenue":160030.35,"Invoice_Date":"2017-12-11","Article_Number":"118027801","Article_Name":"PRESSURE BELT I-QUALITY 2540X 2800","Order_Form_ID":"653dcec043df3ac23032e62e4de2267f"},{"Customer_Name":"D","Calendar_week":50,"Amount":8.0,"PickAndPay":1,"Revenue":3830.82,"Invoice_Date":"2017-12-11","Article_Number":"123052310","Article_Name":"NO-CRUSH-ROLLER 165X65X50","Order_Form_ID":"653dcec043df3ac23032e62e4de2267f"},{"Customer_Name":"D","Calendar_week":50,"Amount":1.0,"PickAndPay":1,"Revenue":161.04,"Invoice_Date":"2017-12-11","Article_Number":"173687700","Article_Name":"TORX SOCKET GR.TX40 1\/2-ZOLL","Order_Form_ID":"653dcec043df3ac23032e62e4de2267f"},{"Customer_Name":"D","Calendar_week":50,"Amount":86.0,"PickAndPay":1,"Revenue":2883.29,"Invoice_Date":"2017-12-11","Article_Number":"177592300","Article_Name":"PLATE SPRING 8,4X15X2","Order_Form_ID":"653dcec043df3ac23032e62e4de2267f"},{"Customer_Name":"D","Calendar_week":50,"Amount":2.0,"PickAndPay":1,"Revenue":235.79,"Invoice_Date":"2017-12-11","Article_Number":"177671310","Article_Name":"ADHESIVE LABEL","Order_Form_ID":"653dcec043df3ac23032e62e4de2267f"},{"Customer_Name":"D","Calendar_week":50,"Amount":8.0,"PickAndPay":1,"Revenue":268.21,"Invoice_Date":"2017-12-11","Article_Number":"191757200","Article_Name":"LENS HEAD SCREW M8X16","Order_Form_ID":"653dcec043df3ac23032e62e4de2267f"},{"Customer_Name":"D","Calendar_week":50,"Amount":86.0,"PickAndPay":1,"Revenue":1441.64,"Invoice_Date":"2017-12-11","Article_Number":"191757201","Article_Name":"LENS HEAD SCREW M8X25","Order_Form_ID":"653dcec043df3ac23032e62e4de2267f"},{"Customer_Name":"D","Calendar_week":50,"Amount":4.0,"PickAndPay":0,"Revenue":37845.19,"Invoice_Date":"2017-12-14","Article_Number":"102955400","Article_Name":"BRUSH 1X300X1300","Order_Form_ID":"1769e409061291f22e59334bbdccbef9"},{"Customer_Name":"D","Calendar_week":50,"Amount":1.0,"PickAndPay":0,"Revenue":2748.08,"Invoice_Date":"2017-12-14","Article_Number":"V00000005","Article_Name":"PACKING CHARGES (BOX) 1540X540X340MM","Order_Form_ID":"1769e409061291f22e59334bbdccbef9"},{"Customer_Name":"D","Calendar_week":52,"Amount":1.0,"PickAndPay":0,"Revenue":712302.49,"Invoice_Date":"2017-12-30","Article_Number":"BSP3000012","Article_Name":"Spare Part Repair","Order_Form_ID":"a9bd625b54061171cf324b49e54bad80"},{"Customer_Name":"D","Calendar_week":5,"Amount":5.0,"PickAndPay":0,"Revenue":6122.72,"Invoice_Date":"2018-01-31","Article_Number":"107920802","Article_Name":"FUSE","Order_Form_ID":"71b578a1f77d2f68200568af854bc3bc"},{"Customer_Name":"D","Calendar_week":5,"Amount":1.0,"PickAndPay":0,"Revenue":197.86,"Invoice_Date":"2018-01-31","Article_Number":"110991000","Article_Name":"PACKING CHARGES (CARTON) 200X200X80","Order_Form_ID":"71b578a1f77d2f68200568af854bc3bc"},{"Customer_Name":"D","Calendar_week":8,"Amount":2.0,"PickAndPay":0,"Revenue":4277.66,"Invoice_Date":"2018-02-21","Article_Number":"119826410","Article_Name":"STEAM HOSE 1\"X350MM","Order_Form_ID":"2764089f92ac45deae04a1425a4f8143"},{"Customer_Name":"D","Calendar_week":8,"Amount":2.0,"PickAndPay":0,"Revenue":5235.64,"Invoice_Date":"2018-02-21","Article_Number":"139530","Article_Name":"STEAM HOSE 1 1\/4\"X450 DN32","Order_Form_ID":"2764089f92ac45deae04a1425a4f8143"},{"Customer_Name":"D","Calendar_week":8,"Amount":2.0,"PickAndPay":0,"Revenue":9764.21,"Invoice_Date":"2018-02-21","Article_Number":"119958260","Article_Name":"STEAM HOSE 1 1\/4\"X930MM","Order_Form_ID":"2764089f92ac45deae04a1425a4f8143"},{"Customer_Name":"D","Calendar_week":8,"Amount":1.0,"PickAndPay":0,"Revenue":197.86,"Invoice_Date":"2018-02-21","Article_Number":"110991007","Article_Name":"PACKING CHARGES (CARTON) 1100X200X200","Order_Form_ID":"2764089f92ac45deae04a1425a4f8143"},{"Customer_Name":"D","Calendar_week":9,"Amount":1.0,"PickAndPay":0,"Revenue":9416.3,"Invoice_Date":"2018-03-02","Article_Number":"158951920","Article_Name":"UPS","Order_Form_ID":"d68fd9185ce4f0450359a51dc95652b1"},{"Customer_Name":"D","Calendar_week":9,"Amount":1.0,"PickAndPay":0,"Revenue":197.86,"Invoice_Date":"2018-03-02","Article_Number":"110991001","Article_Name":"PACKING CHARGES (CARTON) 200X200X150","Order_Form_ID":"d68fd9185ce4f0450359a51dc95652b1"},{"Customer_Name":"D","Calendar_week":10,"Amount":1.0,"PickAndPay":0,"Revenue":109792.41,"Invoice_Date":"2018-03-07","Article_Number":"851030272","Article_Name":"LIFTING CYLINDER 32X650","Order_Form_ID":"49429497f1533c962f6a63dce1c9f115"},{"Customer_Name":"D","Calendar_week":10,"Amount":1.0,"PickAndPay":0,"Revenue":197.86,"Invoice_Date":"2018-03-07","Article_Number":"110991007","Article_Name":"PACKING CHARGES (CARTON) 1100X200X200","Order_Form_ID":"49429497f1533c962f6a63dce1c9f115"},{"Customer_Name":"D","Calendar_week":10,"Amount":2.0,"PickAndPay":0,"Revenue":6613.26,"Invoice_Date":"2018-03-07","Article_Number":"110027299","Article_Name":"FILTER ELEMENT L=97MM, D=45MM","Order_Form_ID":"49429497f1533c962f6a63dce1c9f115"},{"Customer_Name":"D","Calendar_week":10,"Amount":1.0,"PickAndPay":0,"Revenue":197.86,"Invoice_Date":"2018-03-07","Article_Number":"110991000","Article_Name":"PACKING CHARGES (CARTON) 200X200X80","Order_Form_ID":"49429497f1533c962f6a63dce1c9f115"},{"Customer_Name":"D","Calendar_week":12,"Amount":-1.0,"PickAndPay":0,"Revenue":-39292.33,"Invoice_Date":"2018-03-23","Article_Number":"118027801","Article_Name":"PRESSURE BELT I-QUALITY 2540X 2800","Order_Form_ID":"d78c92062532f1c7411429b7d223e618"},{"Customer_Name":"D","Calendar_week":13,"Amount":30.0,"PickAndPay":0,"Revenue":6833.38,"Invoice_Date":"2018-03-26","Article_Number":"139538.10","Article_Name":"SPIRAL HOSE 6X1","Order_Form_ID":"199edefead4d5a9d3bfefa75b7fc9df6"},{"Customer_Name":"D","Calendar_week":13,"Amount":14.0,"PickAndPay":0,"Revenue":4374.39,"Invoice_Date":"2018-03-26","Article_Number":"181225","Article_Name":"SCREW-IN CONNECTION G1\/8 - D 6","Order_Form_ID":"199edefead4d5a9d3bfefa75b7fc9df6"},{"Customer_Name":"D","Calendar_week":13,"Amount":1.0,"PickAndPay":0,"Revenue":197.86,"Invoice_Date":"2018-03-26","Article_Number":"110991003","Article_Name":"PACKING CHARGES (CARTON) 360X360X250","Order_Form_ID":"199edefead4d5a9d3bfefa75b7fc9df6"},{"Customer_Name":"D","Calendar_week":14,"Amount":1.0,"PickAndPay":0,"Revenue":20026.91,"Invoice_Date":"2018-04-06","Article_Number":"114693967","Article_Name":"GEAR PUMP 11 CCM\/U","Order_Form_ID":"8263b9ef3d1475f07be2e48fc534e35c"},{"Customer_Name":"D","Calendar_week":14,"Amount":3.0,"PickAndPay":0,"Revenue":3799.22,"Invoice_Date":"2018-04-06","Article_Number":"101985100","Article_Name":"PRESSURE GAUGE 0-250B+PSI","Order_Form_ID":"8263b9ef3d1475f07be2e48fc534e35c"},{"Customer_Name":"D","Calendar_week":14,"Amount":1.0,"PickAndPay":0,"Revenue":197.86,"Invoice_Date":"2018-04-06","Article_Number":"118308700","Article_Name":"PACKING CHARGES (CARTON) 330X163X172 MM","Order_Form_ID":"8263b9ef3d1475f07be2e48fc534e35c"},{"Customer_Name":"D","Calendar_week":15,"Amount":1.0,"PickAndPay":0,"Revenue":167635.11,"Invoice_Date":"2018-04-09","Article_Number":"118027801","Article_Name":"PRESSURE BELT I-QUALITY 2540X 2800","Order_Form_ID":"3f46b1c8346ea2b63b121b0391d23eb0"},{"Customer_Name":"D","Calendar_week":15,"Amount":1.0,"PickAndPay":0,"Revenue":2473.27,"Invoice_Date":"2018-04-09","Article_Number":"V00000015","Article_Name":"PACKING CHARGES (BOX) 3130X410X310MM","Order_Form_ID":"3f46b1c8346ea2b63b121b0391d23eb0"},{"Customer_Name":"D","Calendar_week":16,"Amount":8.0,"PickAndPay":0,"Revenue":62167.63,"Invoice_Date":"2018-04-17","Article_Number":"511387","Article_Name":"BRUSH 2X400X1300","Order_Form_ID":"b85995e4e98e7412da453f2352196416"},{"Customer_Name":"D","Calendar_week":16,"Amount":1.0,"PickAndPay":0,"Revenue":2748.08,"Invoice_Date":"2018-04-17","Article_Number":"V00000006","Article_Name":"PACKING CHARGES (BOX) 1540X540X340MM","Order_Form_ID":"b85995e4e98e7412da453f2352196416"},{"Customer_Name":"D","Calendar_week":16,"Amount":1.0,"PickAndPay":0,"Revenue":18194.49,"Invoice_Date":"2018-04-17","Article_Number":"100511200","Article_Name":"PRESSURE CONTROL VALVE G1\/8; 0.1-6 BAR","Order_Form_ID":"b85995e4e98e7412da453f2352196416"},{"Customer_Name":"D","Calendar_week":16,"Amount":4.0,"PickAndPay":0,"Revenue":12370.21,"Invoice_Date":"2018-04-17","Article_Number":"103444106","Article_Name":"SET OF SEALS","Order_Form_ID":"b85995e4e98e7412da453f2352196416"},{"Customer_Name":"D","Calendar_week":16,"Amount":2.0,"PickAndPay":0,"Revenue":6644.31,"Invoice_Date":"2018-04-17","Article_Number":"111125390","Article_Name":"GLUE DAM JOINT 3X260X220","Order_Form_ID":"b85995e4e98e7412da453f2352196416"},{"Customer_Name":"D","Calendar_week":16,"Amount":2.0,"PickAndPay":0,"Revenue":5860.01,"Invoice_Date":"2018-04-17","Article_Number":"111125190","Article_Name":"GLUE DAM JOINT 3X100X180","Order_Form_ID":"b85995e4e98e7412da453f2352196416"},{"Customer_Name":"D","Calendar_week":16,"Amount":1.0,"PickAndPay":0,"Revenue":197.86,"Invoice_Date":"2018-04-17","Article_Number":"110991002","Article_Name":"PACKING CHARGES (CARTON) 300X300X200","Order_Form_ID":"b85995e4e98e7412da453f2352196416"},{"Customer_Name":"D","Calendar_week":16,"Amount":1.0,"PickAndPay":0,"Revenue":15380.73,"Invoice_Date":"2018-04-19","Article_Number":"180720.05","Article_Name":"4\/3 WAY VALVE NG 6","Order_Form_ID":"8930b2b7f9c446c80d884b4e412c8ffe"},{"Customer_Name":"D","Calendar_week":16,"Amount":1.0,"PickAndPay":0,"Revenue":15376.06,"Invoice_Date":"2018-04-19","Article_Number":"114693931","Article_Name":"4\/3 WAY VALVE NG 6  24V","Order_Form_ID":"8930b2b7f9c446c80d884b4e412c8ffe"},{"Customer_Name":"D","Calendar_week":16,"Amount":1.0,"PickAndPay":0,"Revenue":197.86,"Invoice_Date":"2018-04-19","Article_Number":"118308700","Article_Name":"PACKING CHARGES (CARTON) 330X163X172 MM","Order_Form_ID":"8930b2b7f9c446c80d884b4e412c8ffe"},{"Customer_Name":"D","Calendar_week":16,"Amount":2.0,"PickAndPay":0,"Revenue":111552.84,"Invoice_Date":"2018-04-19","Article_Number":"113903500","Article_Name":"SERVO CONTROLLER BUM 60 12A 3PH 400V","Order_Form_ID":"8930b2b7f9c446c80d884b4e412c8ffe"},{"Customer_Name":"D","Calendar_week":16,"Amount":1.0,"PickAndPay":0,"Revenue":197.86,"Invoice_Date":"2018-04-19","Article_Number":"110991005","Article_Name":"PACKING CHARGES (CARTON) 600X400X400","Order_Form_ID":"8930b2b7f9c446c80d884b4e412c8ffe"},{"Customer_Name":"D","Calendar_week":16,"Amount":1.0,"PickAndPay":1,"Revenue":4045.17,"Invoice_Date":"2018-04-20","Article_Number":"P030PA001","Article_Name":"PACKING","Order_Form_ID":"b9a4757543fcb4adea750cc1d6220113"},{"Customer_Name":"D","Calendar_week":16,"Amount":1.0,"PickAndPay":1,"Revenue":10803.8,"Invoice_Date":"2018-04-20","Article_Number":"P030FR001","Article_Name":"FREIGHT CHARGES","Order_Form_ID":"b9a4757543fcb4adea750cc1d6220113"},{"Customer_Name":"D","Calendar_week":17,"Amount":1.0,"PickAndPay":0,"Revenue":217259.13,"Invoice_Date":"2018-04-25","Article_Number":"171882720","Article_Name":"DC CONTROLLER","Order_Form_ID":"c909c68fd23b416e88d4d0436d117dba"},{"Customer_Name":"D","Calendar_week":17,"Amount":1.0,"PickAndPay":0,"Revenue":102124.17,"Invoice_Date":"2018-04-25","Article_Number":"116589003","Article_Name":"COMPUTER","Order_Form_ID":"c909c68fd23b416e88d4d0436d117dba"},{"Customer_Name":"D","Calendar_week":17,"Amount":1.0,"PickAndPay":0,"Revenue":14575.82,"Invoice_Date":"2018-04-25","Article_Number":"116864300","Article_Name":"INTERFACE IM182","Order_Form_ID":"c909c68fd23b416e88d4d0436d117dba"},{"Customer_Name":"D","Calendar_week":17,"Amount":1.0,"PickAndPay":0,"Revenue":139965.24,"Invoice_Date":"2018-04-25","Article_Number":"137711100","Article_Name":"ELECTRONIC CARD","Order_Form_ID":"c909c68fd23b416e88d4d0436d117dba"},{"Customer_Name":"D","Calendar_week":17,"Amount":1.0,"PickAndPay":0,"Revenue":26299.13,"Invoice_Date":"2018-04-25","Article_Number":"P030FR001","Article_Name":"FREIGHT CHARGES","Order_Form_ID":"c909c68fd23b416e88d4d0436d117dba"},{"Customer_Name":"D","Calendar_week":18,"Amount":1.0,"PickAndPay":0,"Revenue":2233.37,"Invoice_Date":"2018-05-02","Article_Number":"133002616","Article_Name":"PROTECTIVE SWITCH 16A","Order_Form_ID":"5cc7230b578a9bb7fa16a96eb5a7f48e"},{"Customer_Name":"D","Calendar_week":18,"Amount":1.0,"PickAndPay":0,"Revenue":197.86,"Invoice_Date":"2018-05-02","Article_Number":"110991000","Article_Name":"PACKING CHARGES (CARTON) 200X200X80","Order_Form_ID":"5cc7230b578a9bb7fa16a96eb5a7f48e"},{"Customer_Name":"D","Calendar_week":18,"Amount":4.0,"PickAndPay":0,"Revenue":6192.8,"Invoice_Date":"2018-05-03","Article_Number":"133004116","Article_Name":"PROTECTIVE SWITCH","Order_Form_ID":"70d3ad75f90d7b58d37f39ee6e4ab563"},{"Customer_Name":"D","Calendar_week":18,"Amount":1.0,"PickAndPay":0,"Revenue":197.86,"Invoice_Date":"2018-05-03","Article_Number":"110991001","Article_Name":"PACKING CHARGES (CARTON) 200X200X150","Order_Form_ID":"70d3ad75f90d7b58d37f39ee6e4ab563"},{"Customer_Name":"D","Calendar_week":21,"Amount":1.0,"PickAndPay":0,"Revenue":1190.47,"Invoice_Date":"2018-05-22","Article_Number":"108069124","Article_Name":"MUFF R1\"X50LG","Order_Form_ID":"53bc883f753b75d225cd561ab578cbdd"},{"Customer_Name":"D","Calendar_week":21,"Amount":5.0,"PickAndPay":0,"Revenue":411.11,"Invoice_Date":"2018-05-22","Article_Number":"150256","Article_Name":"SEALING RING 33,0X39,0X2,0","Order_Form_ID":"53bc883f753b75d225cd561ab578cbdd"},{"Customer_Name":"D","Calendar_week":21,"Amount":5.0,"PickAndPay":0,"Revenue":1861.55,"Invoice_Date":"2018-05-22","Article_Number":"131672100","Article_Name":"O-RING 29,30X3,60","Order_Form_ID":"53bc883f753b75d225cd561ab578cbdd"},{"Customer_Name":"D","Calendar_week":21,"Amount":1.0,"PickAndPay":0,"Revenue":6799.3,"Invoice_Date":"2018-05-22","Article_Number":"108069127","Article_Name":"CONDENSATE TUBE 1\"X441LG","Order_Form_ID":"53bc883f753b75d225cd561ab578cbdd"},{"Customer_Name":"D","Calendar_week":21,"Amount":1.0,"PickAndPay":0,"Revenue":197.86,"Invoice_Date":"2018-05-22","Article_Number":"110991006","Article_Name":"PACKING CHARGES (CARTON) 700X200X200","Order_Form_ID":"53bc883f753b75d225cd561ab578cbdd"},{"Customer_Name":"D","Calendar_week":23,"Amount":100.0,"PickAndPay":0,"Revenue":42867.58,"Invoice_Date":"2018-06-05","Article_Number":"107440100","Article_Name":"NAP FOIL 120 MM BR\/25 M","Order_Form_ID":"29ac0e8d9642917e4619f5adef326724"},{"Customer_Name":"D","Calendar_week":23,"Amount":1.0,"PickAndPay":0,"Revenue":197.86,"Invoice_Date":"2018-06-05","Article_Number":"110991004","Article_Name":"PACKING CHARGES (CARTON) 610X410X230","Order_Form_ID":"29ac0e8d9642917e4619f5adef326724"},{"Customer_Name":"D","Calendar_week":24,"Amount":1.0,"PickAndPay":0,"Revenue":53370.2,"Invoice_Date":"2018-06-12","Article_Number":"103778200","Article_Name":"DYNAMOMETRIC TRANSDUCER","Order_Form_ID":"a42494997e3ce83044afd0c9fb4b6090"},{"Customer_Name":"D","Calendar_week":24,"Amount":1.0,"PickAndPay":0,"Revenue":197.86,"Invoice_Date":"2018-06-12","Article_Number":"110991002","Article_Name":"PACKING CHARGES (CARTON) 300X300X200","Order_Form_ID":"a42494997e3ce83044afd0c9fb4b6090"},{"Customer_Name":"D","Calendar_week":26,"Amount":12.0,"PickAndPay":0,"Revenue":9109.34,"Invoice_Date":"2018-06-26","Article_Number":"136481820","Article_Name":"NO-CRUSH-ROLLER 180X65X50","Order_Form_ID":"6819a59a40b06dcf8670e273f6aba647"},{"Customer_Name":"D","Calendar_week":26,"Amount":1.0,"PickAndPay":0,"Revenue":17694.34,"Invoice_Date":"2018-06-26","Article_Number":"100511200","Article_Name":"PRESSURE CONTROL VALVE G1\/8; 0.1-6 BAR","Order_Form_ID":"6819a59a40b06dcf8670e273f6aba647"},{"Customer_Name":"D","Calendar_week":26,"Amount":1.0,"PickAndPay":0,"Revenue":197.86,"Invoice_Date":"2018-06-26","Article_Number":"110991003","Article_Name":"PACKING CHARGES (CARTON) 360X360X250","Order_Form_ID":"6819a59a40b06dcf8670e273f6aba647"},{"Customer_Name":"D","Calendar_week":26,"Amount":1.0,"PickAndPay":1,"Revenue":957.71,"Invoice_Date":"2018-06-29","Article_Number":"364361","Article_Name":"SCRAPER BLADE 2550X50X0.8","Order_Form_ID":"c796f920ddffbe86f8de8207c2a89f5a"},{"Customer_Name":"D","Calendar_week":26,"Amount":1.0,"PickAndPay":1,"Revenue":164515.22,"Invoice_Date":"2018-06-29","Article_Number":"118027801","Article_Name":"PRESSURE BELT I-QUALITY 2540X 2800","Order_Form_ID":"c796f920ddffbe86f8de8207c2a89f5a"},{"Customer_Name":"D","Calendar_week":26,"Amount":1.0,"PickAndPay":1,"Revenue":2583.2,"Invoice_Date":"2018-06-29","Article_Number":"100335700","Article_Name":"BACOMIN V42-50 UNIVERSAL 500ML\/BACOMIN V","Order_Form_ID":"c796f920ddffbe86f8de8207c2a89f5a"},{"Customer_Name":"D","Calendar_week":26,"Amount":73.0,"PickAndPay":1,"Revenue":1227.84,"Invoice_Date":"2018-06-29","Article_Number":"107254210","Article_Name":"FELT 46X35X10MM","Order_Form_ID":"c796f920ddffbe86f8de8207c2a89f5a"},{"Customer_Name":"D","Calendar_week":26,"Amount":12.0,"PickAndPay":1,"Revenue":5914.42,"Invoice_Date":"2018-06-29","Article_Number":"123052310","Article_Name":"NO-CRUSH-ROLLER 165X65X50","Order_Form_ID":"c796f920ddffbe86f8de8207c2a89f5a"},{"Customer_Name":"D","Calendar_week":26,"Amount":1.0,"PickAndPay":1,"Revenue":9388.27,"Invoice_Date":"2018-06-29","Article_Number":"P030FR001","Article_Name":"FREIGHT CHARGES","Order_Form_ID":"c796f920ddffbe86f8de8207c2a89f5a"},{"Customer_Name":"D","Calendar_week":26,"Amount":1.0,"PickAndPay":1,"Revenue":2869.0,"Invoice_Date":"2018-06-29","Article_Number":"P030PA001","Article_Name":"PACKING","Order_Form_ID":"c796f920ddffbe86f8de8207c2a89f5a"},{"Customer_Name":"D","Calendar_week":26,"Amount":1.0,"PickAndPay":0,"Revenue":68990.29,"Invoice_Date":"2018-06-29","Article_Number":"851021501","Article_Name":"MOTOR VALVE DN32-PN25","Order_Form_ID":"1dc998545087ae9b5a873226150ee4c6"},{"Customer_Name":"D","Calendar_week":26,"Amount":2.0,"PickAndPay":0,"Revenue":457.56,"Invoice_Date":"2018-06-29","Article_Number":"125252000","Article_Name":"FLAT PACKING DN32","Order_Form_ID":"1dc998545087ae9b5a873226150ee4c6"},{"Customer_Name":"D","Calendar_week":26,"Amount":1.0,"PickAndPay":0,"Revenue":1126.71,"Invoice_Date":"2018-06-29","Article_Number":"110680400","Article_Name":"PACKING CHARGES (PAL-BOX I) 830X580X680","Order_Form_ID":"1dc998545087ae9b5a873226150ee4c6"},{"Customer_Name":"D","Calendar_week":30,"Amount":1.0,"PickAndPay":0,"Revenue":19133.51,"Invoice_Date":"2018-07-23","Article_Number":"100511200","Article_Name":"PRESSURE CONTROL VALVE G1\/8; 0.1-6 BAR","Order_Form_ID":"2d5ceb6dd961514503228cace0dad88c"},{"Customer_Name":"D","Calendar_week":30,"Amount":1.0,"PickAndPay":0,"Revenue":197.86,"Invoice_Date":"2018-07-23","Article_Number":"110991001","Article_Name":"PACKING CHARGES (CARTON) 200X200X150","Order_Form_ID":"2d5ceb6dd961514503228cace0dad88c"},{"Customer_Name":"D","Calendar_week":33,"Amount":6.0,"PickAndPay":0,"Revenue":12266.88,"Invoice_Date":"2018-08-14","Article_Number":"105337510","Article_Name":"PROFILED JOINT 20X25X637","Order_Form_ID":"1a221d92e9f6148a05daf53559835acd"},{"Customer_Name":"D","Calendar_week":33,"Amount":6.0,"PickAndPay":0,"Revenue":10012.91,"Invoice_Date":"2018-08-14","Article_Number":"102429200","Article_Name":"SEALING ELEMENT 25X15X638","Order_Form_ID":"1a221d92e9f6148a05daf53559835acd"},{"Customer_Name":"D","Calendar_week":33,"Amount":1.0,"PickAndPay":0,"Revenue":197.86,"Invoice_Date":"2018-08-14","Article_Number":"110991006","Article_Name":"PACKING CHARGES (CARTON) 700X200X200","Order_Form_ID":"1a221d92e9f6148a05daf53559835acd"},{"Customer_Name":"D","Calendar_week":34,"Amount":1.0,"PickAndPay":0,"Revenue":42937.39,"Invoice_Date":"2018-08-23","Article_Number":"109152500","Article_Name":"SERVOMOTOR DS 45 M-4000L 0,94KW","Order_Form_ID":"1af64cc06e163e77677feb99f58e2202"},{"Customer_Name":"D","Calendar_week":34,"Amount":1.0,"PickAndPay":0,"Revenue":197.86,"Invoice_Date":"2018-08-23","Article_Number":"118308700","Article_Name":"PACKING CHARGES (CARTON) 330X163X172 MM","Order_Form_ID":"1af64cc06e163e77677feb99f58e2202"},{"Customer_Name":"D","Calendar_week":35,"Amount":1.0,"PickAndPay":0,"Revenue":19133.51,"Invoice_Date":"2018-08-29","Article_Number":"100511200","Article_Name":"PRESSURE CONTROL VALVE G1\/8; 0.1-6 BAR","Order_Form_ID":"0f16456d4337d46467512ef1d17a526e"},{"Customer_Name":"D","Calendar_week":35,"Amount":1.0,"PickAndPay":0,"Revenue":197.86,"Invoice_Date":"2018-08-29","Article_Number":"110991001","Article_Name":"PACKING CHARGES (CARTON) 200X200X150","Order_Form_ID":"0f16456d4337d46467512ef1d17a526e"},{"Customer_Name":"D","Calendar_week":35,"Amount":1.0,"PickAndPay":0,"Revenue":39663.05,"Invoice_Date":"2018-08-29","Article_Number":"109152500","Article_Name":"SERVOMOTOR DS 45 M-4000L 0,94KW","Order_Form_ID":"20cd02730b270a11c52a1ac8850ce96e"},{"Customer_Name":"D","Calendar_week":35,"Amount":1.0,"PickAndPay":0,"Revenue":26360.41,"Invoice_Date":"2018-08-29","Article_Number":"P030FR001","Article_Name":"FREIGHT CHARGES","Order_Form_ID":"20cd02730b270a11c52a1ac8850ce96e"},{"Customer_Name":"D","Calendar_week":35,"Amount":1.0,"PickAndPay":0,"Revenue":5496.16,"Invoice_Date":"2018-08-29","Article_Number":"P030SF002","Article_Name":"EXTRA COSTS SPECIALTRANSTPORT","Order_Form_ID":"20cd02730b270a11c52a1ac8850ce96e"},{"Customer_Name":"D","Calendar_week":35,"Amount":2.0,"PickAndPay":0,"Revenue":6681.41,"Invoice_Date":"2018-08-30","Article_Number":"101706200","Article_Name":"GAS PRESSURE SPRING D10\/H200\/F 800N","Order_Form_ID":"e4c1e0f4d611f90669c709dad0d0a241"},{"Customer_Name":"D","Calendar_week":35,"Amount":1.0,"PickAndPay":0,"Revenue":197.86,"Invoice_Date":"2018-08-30","Article_Number":"110991006","Article_Name":"PACKING CHARGES (CARTON) 700X200X200","Order_Form_ID":"e4c1e0f4d611f90669c709dad0d0a241"},{"Customer_Name":"D","Calendar_week":37,"Amount":1.0,"PickAndPay":0,"Revenue":1059.93,"Invoice_Date":"2018-09-14","Article_Number":"110658300","Article_Name":"TOOTHED BELT WHEEL 5X19X14H7X37","Order_Form_ID":"709a8d1544608eecae85fa956cb6b4e4"},{"Customer_Name":"D","Calendar_week":37,"Amount":1.0,"PickAndPay":0,"Revenue":1855.5,"Invoice_Date":"2018-09-14","Article_Number":"110658100","Article_Name":"TOOTHED BELT WHEEL 5X30X14H7X21","Order_Form_ID":"709a8d1544608eecae85fa956cb6b4e4"},{"Customer_Name":"D","Calendar_week":37,"Amount":1.0,"PickAndPay":0,"Revenue":197.86,"Invoice_Date":"2018-09-14","Article_Number":"110991000","Article_Name":"PACKING CHARGES (CARTON) 200X200X80","Order_Form_ID":"709a8d1544608eecae85fa956cb6b4e4"},{"Customer_Name":"D","Calendar_week":41,"Amount":8.0,"PickAndPay":1,"Revenue":4316.68,"Invoice_Date":"2018-10-10","Article_Number":"104581595","Article_Name":"BRAKE LINING CORRUDUR 64X5X10","Order_Form_ID":"664b652f2485999d0d47a54f018573c8"},{"Customer_Name":"D","Calendar_week":41,"Amount":1.0,"PickAndPay":1,"Revenue":164515.22,"Invoice_Date":"2018-10-10","Article_Number":"118027801","Article_Name":"PRESSURE BELT I-QUALITY 2540X 2800","Order_Form_ID":"664b652f2485999d0d47a54f018573c8"},{"Customer_Name":"D","Calendar_week":41,"Amount":15.0,"PickAndPay":1,"Revenue":252.27,"Invoice_Date":"2018-10-10","Article_Number":"107254210","Article_Name":"FELT 46X35X10MM","Order_Form_ID":"664b652f2485999d0d47a54f018573c8"},{"Customer_Name":"D","Calendar_week":41,"Amount":1.0,"PickAndPay":1,"Revenue":43190.21,"Invoice_Date":"2018-10-10","Article_Number":"105073800","Article_Name":"KNIFE 2540X30X8 AB2500","Order_Form_ID":"664b652f2485999d0d47a54f018573c8"},{"Customer_Name":"D","Calendar_week":41,"Amount":1.0,"PickAndPay":1,"Revenue":43190.21,"Invoice_Date":"2018-10-10","Article_Number":"105073700","Article_Name":"KNIFE 2540X30X8 AB2500","Order_Form_ID":"664b652f2485999d0d47a54f018573c8"},{"Customer_Name":"D","Calendar_week":41,"Amount":1.0,"PickAndPay":1,"Revenue":1004.42,"Invoice_Date":"2018-10-10","Article_Number":"109612501","Article_Name":"SEALING LEDGE 5,5X65X2600","Order_Form_ID":"664b652f2485999d0d47a54f018573c8"},{"Customer_Name":"D","Calendar_week":44,"Amount":1.0,"PickAndPay":1,"Revenue":3319.68,"Invoice_Date":"2018-10-30","Article_Number":"P030FR001","Article_Name":"FREIGHT CHARGES","Order_Form_ID":"6f88632a33e022c2331383cc111f8178"},{"Customer_Name":"D","Calendar_week":45,"Amount":1.0,"PickAndPay":0,"Revenue":8663.87,"Invoice_Date":"2018-11-05","Article_Number":"105553900","Article_Name":"DISPLAY 24VDC DIGEM","Order_Form_ID":"072f3372e467cee4d489fab8a7a1d3e4"},{"Customer_Name":"D","Calendar_week":45,"Amount":6.0,"PickAndPay":0,"Revenue":25978.43,"Invoice_Date":"2018-11-05","Article_Number":"199825802","Article_Name":"PERFLU H1 HIGH TEMP 0,8KG","Order_Form_ID":"072f3372e467cee4d489fab8a7a1d3e4"},{"Customer_Name":"D","Calendar_week":45,"Amount":1.0,"PickAndPay":0,"Revenue":197.86,"Invoice_Date":"2018-11-05","Article_Number":"110991002","Article_Name":"PACKING CHARGES (CARTON) 300X300X200","Order_Form_ID":"072f3372e467cee4d489fab8a7a1d3e4"},{"Customer_Name":"D","Calendar_week":45,"Amount":1.0,"PickAndPay":0,"Revenue":59026.02,"Invoice_Date":"2018-11-07","Article_Number":"122675200","Article_Name":"BALL VALVE DN 40\/ PN 40","Order_Form_ID":"935e1064b1dbdb17830dad9e6b7b2d50"},{"Customer_Name":"D","Calendar_week":45,"Amount":1.0,"PickAndPay":0,"Revenue":197.86,"Invoice_Date":"2018-11-07","Article_Number":"110991001","Article_Name":"PACKING CHARGES (CARTON) 200X200X150","Order_Form_ID":"935e1064b1dbdb17830dad9e6b7b2d50"},{"Customer_Name":"D","Calendar_week":46,"Amount":1.0,"PickAndPay":0,"Revenue":53370.2,"Invoice_Date":"2018-11-16","Article_Number":"103778200","Article_Name":"DYNAMOMETRIC TRANSDUCER","Order_Form_ID":"c02d4ff7140359a197335ac53aea2f10"},{"Customer_Name":"D","Calendar_week":46,"Amount":1.0,"PickAndPay":0,"Revenue":197.86,"Invoice_Date":"2018-11-16","Article_Number":"110991002","Article_Name":"PACKING CHARGES (CARTON) 300X300X200","Order_Form_ID":"c02d4ff7140359a197335ac53aea2f10"},{"Customer_Name":"D","Calendar_week":48,"Amount":32.0,"PickAndPay":0,"Revenue":39966.44,"Invoice_Date":"2018-11-26","Article_Number":"155448002","Article_Name":"BHS-ACTIVE DECALCER 2,5L","Order_Form_ID":"077687e5760d7a6e8f05f2523f0f5917"},{"Customer_Name":"D","Calendar_week":48,"Amount":5.0,"PickAndPay":0,"Revenue":989.31,"Invoice_Date":"2018-11-26","Article_Number":"110991003","Article_Name":"PACKING CHARGES (CARTON) 360X360X250","Order_Form_ID":"077687e5760d7a6e8f05f2523f0f5917"},{"Customer_Name":"D","Calendar_week":48,"Amount":1.0,"PickAndPay":0,"Revenue":197.86,"Invoice_Date":"2018-11-26","Article_Number":"110991002","Article_Name":"PACKING CHARGES (CARTON) 300X300X200","Order_Form_ID":"077687e5760d7a6e8f05f2523f0f5917"},{"Customer_Name":"D","Calendar_week":50,"Amount":1.0,"PickAndPay":1,"Revenue":957.71,"Invoice_Date":"2018-12-13","Article_Number":"364361","Article_Name":"SCRAPER BLADE 2550X50X0.8","Order_Form_ID":"8f0f9a055ffa0204cdf5271adba052da"},{"Customer_Name":"D","Calendar_week":50,"Amount":16.0,"PickAndPay":1,"Revenue":8633.37,"Invoice_Date":"2018-12-13","Article_Number":"104581595","Article_Name":"BRAKE LINING CORRUDUR 64X5X10","Order_Form_ID":"8f0f9a055ffa0204cdf5271adba052da"},{"Customer_Name":"D","Calendar_week":50,"Amount":1.0,"PickAndPay":1,"Revenue":2709.61,"Invoice_Date":"2018-12-13","Article_Number":"105407210","Article_Name":"TOOTHED BELT 29,5X 8X 640","Order_Form_ID":"8f0f9a055ffa0204cdf5271adba052da"},{"Customer_Name":"D","Calendar_week":50,"Amount":14.0,"PickAndPay":1,"Revenue":235.51,"Invoice_Date":"2018-12-13","Article_Number":"107254210","Article_Name":"FELT 46X35X10MM","Order_Form_ID":"8f0f9a055ffa0204cdf5271adba052da"},{"Customer_Name":"D","Calendar_week":50,"Amount":1.0,"PickAndPay":1,"Revenue":164515.22,"Invoice_Date":"2018-12-13","Article_Number":"118027801","Article_Name":"PRESSURE BELT I-QUALITY 2540X 2800","Order_Form_ID":"8f0f9a055ffa0204cdf5271adba052da"},{"Customer_Name":"D","Calendar_week":50,"Amount":12.0,"PickAndPay":1,"Revenue":5914.42,"Invoice_Date":"2018-12-13","Article_Number":"123052310","Article_Name":"NO-CRUSH-ROLLER 165X65X50","Order_Form_ID":"8f0f9a055ffa0204cdf5271adba052da"},{"Customer_Name":"D","Calendar_week":50,"Amount":-1.0,"PickAndPay":1,"Revenue":-957.71,"Invoice_Date":"2018-12-13","Article_Number":"364361","Article_Name":"SCRAPER BLADE 2550X50X0.8","Order_Form_ID":"b263dd6047c4f3e61c31b721a5b8ec67"},{"Customer_Name":"D","Calendar_week":50,"Amount":-16.0,"PickAndPay":1,"Revenue":-8633.37,"Invoice_Date":"2018-12-13","Article_Number":"104581595","Article_Name":"BRAKE LINING CORRUDUR 64X5X10","Order_Form_ID":"b263dd6047c4f3e61c31b721a5b8ec67"},{"Customer_Name":"D","Calendar_week":50,"Amount":-1.0,"PickAndPay":1,"Revenue":-2709.61,"Invoice_Date":"2018-12-13","Article_Number":"105407210","Article_Name":"TOOTHED BELT 29,5X 8X 640","Order_Form_ID":"b263dd6047c4f3e61c31b721a5b8ec67"},{"Customer_Name":"D","Calendar_week":50,"Amount":-14.0,"PickAndPay":1,"Revenue":-235.51,"Invoice_Date":"2018-12-13","Article_Number":"107254210","Article_Name":"FELT 46X35X10MM","Order_Form_ID":"b263dd6047c4f3e61c31b721a5b8ec67"},{"Customer_Name":"D","Calendar_week":50,"Amount":-1.0,"PickAndPay":1,"Revenue":-164515.22,"Invoice_Date":"2018-12-13","Article_Number":"118027801","Article_Name":"PRESSURE BELT I-QUALITY 2540X 2800","Order_Form_ID":"b263dd6047c4f3e61c31b721a5b8ec67"},{"Customer_Name":"D","Calendar_week":50,"Amount":-12.0,"PickAndPay":1,"Revenue":-5914.42,"Invoice_Date":"2018-12-13","Article_Number":"123052310","Article_Name":"NO-CRUSH-ROLLER 165X65X50","Order_Form_ID":"b263dd6047c4f3e61c31b721a5b8ec67"},{"Customer_Name":"D","Calendar_week":51,"Amount":1.0,"PickAndPay":1,"Revenue":957.71,"Invoice_Date":"2018-12-19","Article_Number":"364361","Article_Name":"SCRAPER BLADE 2550X50X0.8","Order_Form_ID":"f470240aa127f7df649c7be76dfec191"},{"Customer_Name":"D","Calendar_week":51,"Amount":16.0,"PickAndPay":1,"Revenue":8633.37,"Invoice_Date":"2018-12-19","Article_Number":"104581595","Article_Name":"BRAKE LINING CORRUDUR 64X5X10","Order_Form_ID":"f470240aa127f7df649c7be76dfec191"},{"Customer_Name":"D","Calendar_week":51,"Amount":1.0,"PickAndPay":1,"Revenue":2709.61,"Invoice_Date":"2018-12-19","Article_Number":"105407210","Article_Name":"TOOTHED BELT 29,5X 8X 640","Order_Form_ID":"f470240aa127f7df649c7be76dfec191"},{"Customer_Name":"D","Calendar_week":51,"Amount":14.0,"PickAndPay":1,"Revenue":235.51,"Invoice_Date":"2018-12-19","Article_Number":"107254210","Article_Name":"FELT 46X35X10MM","Order_Form_ID":"f470240aa127f7df649c7be76dfec191"},{"Customer_Name":"D","Calendar_week":51,"Amount":12.0,"PickAndPay":1,"Revenue":5914.42,"Invoice_Date":"2018-12-19","Article_Number":"123052310","Article_Name":"NO-CRUSH-ROLLER 165X65X50","Order_Form_ID":"f470240aa127f7df649c7be76dfec191"},{"Customer_Name":"D","Calendar_week":51,"Amount":1.0,"PickAndPay":1,"Revenue":164515.22,"Invoice_Date":"2018-12-19","Article_Number":"118027801","Article_Name":"PRESSURE BELT I-QUALITY 2540X 2800","Order_Form_ID":"aef6c7a4b6ccbda27641f3f6e6410109"},{"Customer_Name":"D","Calendar_week":2,"Amount":2.0,"PickAndPay":0,"Revenue":12192.13,"Invoice_Date":"2019-01-07","Article_Number":"101518602","Article_Name":"CARDAN SHAFT S= 360 X= 90","Order_Form_ID":"0e35e61d86b15ddf455f5d4a6b4b84fc"},{"Customer_Name":"D","Calendar_week":2,"Amount":1.0,"PickAndPay":0,"Revenue":197.86,"Invoice_Date":"2019-01-07","Article_Number":"118308700","Article_Name":"PACKING CHARGES (CARTON) 330X163X172 MM","Order_Form_ID":"0e35e61d86b15ddf455f5d4a6b4b84fc"},{"Customer_Name":"D","Calendar_week":2,"Amount":1.0,"PickAndPay":0,"Revenue":56768.75,"Invoice_Date":"2019-01-08","Article_Number":"113903500","Article_Name":"SERVO CONTROLLER BUM 60 12A 3PH 400V","Order_Form_ID":"a302e8523d731d33e5181fbf9be0f469"},{"Customer_Name":"D","Calendar_week":2,"Amount":1.0,"PickAndPay":0,"Revenue":197.86,"Invoice_Date":"2019-01-08","Article_Number":"110991004","Article_Name":"PACKING CHARGES (CARTON) 610X410X230","Order_Form_ID":"a302e8523d731d33e5181fbf9be0f469"},{"Customer_Name":"D","Calendar_week":2,"Amount":120.0,"PickAndPay":0,"Revenue":42674.94,"Invoice_Date":"2019-01-08","Article_Number":"139372425","Article_Name":"FRICTION LINING 50MM \/60M","Order_Form_ID":"297584574349788b07702450049006a9"},{"Customer_Name":"D","Calendar_week":2,"Amount":1.0,"PickAndPay":0,"Revenue":197.86,"Invoice_Date":"2019-01-08","Article_Number":"110991004","Article_Name":"PACKING CHARGES (CARTON) 610X410X230","Order_Form_ID":"297584574349788b07702450049006a9"},{"Customer_Name":"D","Calendar_week":2,"Amount":1.0,"PickAndPay":0,"Revenue":21766.72,"Invoice_Date":"2019-01-08","Article_Number":"118585130","Article_Name":"OPTIC FIBRE MODULE 4AO","Order_Form_ID":"9655eeb2ee7f41d3d1078c4aafb2bf6e"},{"Customer_Name":"D","Calendar_week":2,"Amount":1.0,"PickAndPay":0,"Revenue":197.86,"Invoice_Date":"2019-01-08","Article_Number":"110991001","Article_Name":"PACKING CHARGES (CARTON) 200X200X150","Order_Form_ID":"9655eeb2ee7f41d3d1078c4aafb2bf6e"},{"Customer_Name":"D","Calendar_week":3,"Amount":10.0,"PickAndPay":0,"Revenue":2982.77,"Invoice_Date":"2019-01-17","Article_Number":"181300.02","Article_Name":"SEAL D116X99X2","Order_Form_ID":"1abcbd785a98657e7516905d68c29a4d"},{"Customer_Name":"D","Calendar_week":3,"Amount":2.0,"PickAndPay":0,"Revenue":8163.72,"Invoice_Date":"2019-01-17","Article_Number":"106826308","Article_Name":"PLATE","Order_Form_ID":"1abcbd785a98657e7516905d68c29a4d"},{"Customer_Name":"D","Calendar_week":3,"Amount":6.0,"PickAndPay":0,"Revenue":10398.19,"Invoice_Date":"2019-01-17","Article_Number":"181302","Article_Name":"SEALING RING 89,1X59,7X19,5 MM","Order_Form_ID":"1abcbd785a98657e7516905d68c29a4d"},{"Customer_Name":"D","Calendar_week":3,"Amount":6.0,"PickAndPay":0,"Revenue":1496.33,"Invoice_Date":"2019-01-17","Article_Number":"106826390","Article_Name":"HEXAGONAL SCREW 7\/16\"X2 1\/4\"LG.","Order_Form_ID":"1abcbd785a98657e7516905d68c29a4d"},{"Customer_Name":"D","Calendar_week":3,"Amount":2.0,"PickAndPay":0,"Revenue":4472.78,"Invoice_Date":"2019-01-17","Article_Number":"106826303","Article_Name":"THRUST PIECE SYPHON 3\/4\"","Order_Form_ID":"1abcbd785a98657e7516905d68c29a4d"},{"Customer_Name":"D","Calendar_week":3,"Amount":2.0,"PickAndPay":0,"Revenue":32005.25,"Invoice_Date":"2019-01-17","Article_Number":"181300.14","Article_Name":"NIPPLE J.2504 Q","Order_Form_ID":"1abcbd785a98657e7516905d68c29a4d"},{"Customer_Name":"D","Calendar_week":3,"Amount":2.0,"PickAndPay":0,"Revenue":4203.19,"Invoice_Date":"2019-01-17","Article_Number":"102053000","Article_Name":"SEALING WASHER 110X60K6X17","Order_Form_ID":"1abcbd785a98657e7516905d68c29a4d"},{"Customer_Name":"D","Calendar_week":3,"Amount":2.0,"PickAndPay":0,"Revenue":519.66,"Invoice_Date":"2019-01-17","Article_Number":"137672","Article_Name":"RADIAL SHAFT SEAL AS 90,0X110X12","Order_Form_ID":"1abcbd785a98657e7516905d68c29a4d"},{"Customer_Name":"D","Calendar_week":3,"Amount":2.0,"PickAndPay":0,"Revenue":68812.49,"Invoice_Date":"2019-01-17","Article_Number":"181300","Article_Name":"ROTARY STEAM JOINT R 1 1\/4\"","Order_Form_ID":"1abcbd785a98657e7516905d68c29a4d"},{"Customer_Name":"D","Calendar_week":3,"Amount":2.0,"PickAndPay":0,"Revenue":395.72,"Invoice_Date":"2019-01-17","Article_Number":"110991002","Article_Name":"PACKING CHARGES (CARTON) 300X300X200","Order_Form_ID":"1abcbd785a98657e7516905d68c29a4d"},{"Customer_Name":"D","Calendar_week":4,"Amount":2.0,"PickAndPay":0,"Revenue":15629.71,"Invoice_Date":"2019-01-21","Article_Number":"102816502","Article_Name":"PRESSURE GAUGE 0-100MBAR;R1\/4\"","Order_Form_ID":"88bb9e1678637e82371f8b12763c7a3a"},{"Customer_Name":"D","Calendar_week":4,"Amount":1.0,"PickAndPay":0,"Revenue":197.86,"Invoice_Date":"2019-01-21","Article_Number":"110991000","Article_Name":"PACKING CHARGES (CARTON) 200X200X80","Order_Form_ID":"88bb9e1678637e82371f8b12763c7a3a"},{"Customer_Name":"D","Calendar_week":4,"Amount":1.0,"PickAndPay":0,"Revenue":17779.53,"Invoice_Date":"2019-01-22","Article_Number":"106826305","Article_Name":"NIPPLE SYPHON 3\/4\"","Order_Form_ID":"bf63d2ed63fb0f04b96b487495acdba8"},{"Customer_Name":"D","Calendar_week":4,"Amount":2.0,"PickAndPay":0,"Revenue":28144.19,"Invoice_Date":"2019-01-22","Article_Number":"121010611","Article_Name":"PLATE","Order_Form_ID":"bf63d2ed63fb0f04b96b487495acdba8"},{"Customer_Name":"D","Calendar_week":4,"Amount":2.0,"PickAndPay":0,"Revenue":1920.36,"Invoice_Date":"2019-01-22","Article_Number":"131672120","Article_Name":"O-RING 50,17X5,33","Order_Form_ID":"bf63d2ed63fb0f04b96b487495acdba8"},{"Customer_Name":"D","Calendar_week":4,"Amount":1.0,"PickAndPay":0,"Revenue":197.86,"Invoice_Date":"2019-01-22","Article_Number":"110991002","Article_Name":"PACKING CHARGES (CARTON) 300X300X200","Order_Form_ID":"bf63d2ed63fb0f04b96b487495acdba8"},{"Customer_Name":"D","Calendar_week":4,"Amount":6.0,"PickAndPay":0,"Revenue":236997.22,"Invoice_Date":"2019-01-24","Article_Number":"101684311","Article_Name":"BALL SCREW KGT-S-3240X2727","Order_Form_ID":"f4521ed7d686a7ad691a163afce04600"},{"Customer_Name":"D","Calendar_week":4,"Amount":24.0,"PickAndPay":0,"Revenue":40363.81,"Invoice_Date":"2019-01-24","Article_Number":"136259","Article_Name":"TAPERED ROLLER BEARING 20X42X17","Order_Form_ID":"f4521ed7d686a7ad691a163afce04600"},{"Customer_Name":"D","Calendar_week":4,"Amount":12.0,"PickAndPay":0,"Revenue":832.39,"Invoice_Date":"2019-01-24","Article_Number":"122482","Article_Name":"GROOVE NUT M20X1,0","Order_Form_ID":"f4521ed7d686a7ad691a163afce04600"},{"Customer_Name":"D","Calendar_week":4,"Amount":6.0,"PickAndPay":0,"Revenue":103.6,"Invoice_Date":"2019-01-24","Article_Number":"101519700","Article_Name":"KEY A  5X 5X 22","Order_Form_ID":"f4521ed7d686a7ad691a163afce04600"},{"Customer_Name":"D","Calendar_week":4,"Amount":18.0,"PickAndPay":0,"Revenue":311.08,"Invoice_Date":"2019-01-24","Article_Number":"122865","Article_Name":"DISK 20","Order_Form_ID":"f4521ed7d686a7ad691a163afce04600"},{"Customer_Name":"D","Calendar_week":4,"Amount":6.0,"PickAndPay":0,"Revenue":416.33,"Invoice_Date":"2019-01-24","Article_Number":"138859","Article_Name":"CONICAL GREASE NIPPLE M6X1,0","Order_Form_ID":"f4521ed7d686a7ad691a163afce04600"},{"Customer_Name":"D","Calendar_week":4,"Amount":18.0,"PickAndPay":0,"Revenue":34897.88,"Invoice_Date":"2019-01-24","Article_Number":"101509901","Article_Name":"LINEAR BALL BEARING 30\/47\/68","Order_Form_ID":"f4521ed7d686a7ad691a163afce04600"},{"Customer_Name":"D","Calendar_week":4,"Amount":20.0,"PickAndPay":0,"Revenue":5933.11,"Invoice_Date":"2019-01-24","Article_Number":"115699502","Article_Name":"SHIELDING TERMINAL SK 10-20","Order_Form_ID":"f4521ed7d686a7ad691a163afce04600"},{"Customer_Name":"D","Calendar_week":4,"Amount":1.0,"PickAndPay":0,"Revenue":9647.14,"Invoice_Date":"2019-01-24","Article_Number":"184660410","Article_Name":"CONVERTER","Order_Form_ID":"f4521ed7d686a7ad691a163afce04600"},{"Customer_Name":"D","Calendar_week":4,"Amount":1.0,"PickAndPay":0,"Revenue":9647.14,"Invoice_Date":"2019-01-24","Article_Number":"184660410","Article_Name":"CONVERTER","Order_Form_ID":"f4521ed7d686a7ad691a163afce04600"},{"Customer_Name":"D","Calendar_week":4,"Amount":1.0,"PickAndPay":0,"Revenue":13407.89,"Invoice_Date":"2019-01-24","Article_Number":"109736901","Article_Name":"INTERFACE RS232\/RS422","Order_Form_ID":"f4521ed7d686a7ad691a163afce04600"},{"Customer_Name":"D","Calendar_week":4,"Amount":40.0,"PickAndPay":0,"Revenue":14295.52,"Invoice_Date":"2019-01-24","Article_Number":"115699501","Article_Name":"TERMINAL SK 4-13,5","Order_Form_ID":"f4521ed7d686a7ad691a163afce04600"},{"Customer_Name":"D","Calendar_week":4,"Amount":160.0,"PickAndPay":0,"Revenue":2765.67,"Invoice_Date":"2019-01-24","Article_Number":"105447500","Article_Name":"SERRATED LOCK WASHER A 10,5","Order_Form_ID":"f4521ed7d686a7ad691a163afce04600"},{"Customer_Name":"D","Calendar_week":4,"Amount":60.0,"PickAndPay":0,"Revenue":11352.32,"Invoice_Date":"2019-01-24","Article_Number":"171335","Article_Name":"WIRE 35 MM GN\/GE","Order_Form_ID":"f4521ed7d686a7ad691a163afce04600"},{"Customer_Name":"D","Calendar_week":4,"Amount":200.0,"PickAndPay":0,"Revenue":3457.09,"Invoice_Date":"2019-01-24","Article_Number":"178509","Article_Name":"CABLE TIE 140*3,6","Order_Form_ID":"f4521ed7d686a7ad691a163afce04600"},{"Customer_Name":"D","Calendar_week":4,"Amount":10.0,"PickAndPay":0,"Revenue":347.91,"Invoice_Date":"2019-01-24","Article_Number":"248518216","Article_Name":"CABLE TERMINAL 35QMM\/M12","Order_Form_ID":"f4521ed7d686a7ad691a163afce04600"},{"Customer_Name":"D","Calendar_week":4,"Amount":10.0,"PickAndPay":0,"Revenue":347.91,"Invoice_Date":"2019-01-24","Article_Number":"248518215","Article_Name":"CABLE TERMINAL 35QMM\/M10","Order_Form_ID":"f4521ed7d686a7ad691a163afce04600"},{"Customer_Name":"D","Calendar_week":4,"Amount":20.0,"PickAndPay":0,"Revenue":7147.76,"Invoice_Date":"2019-01-24","Article_Number":"102780800","Article_Name":"PROTECTIVE CONDUCTOR TERMINAL 35MM-2L","Order_Form_ID":"f4521ed7d686a7ad691a163afce04600"},{"Customer_Name":"D","Calendar_week":4,"Amount":50.0,"PickAndPay":0,"Revenue":5839.67,"Invoice_Date":"2019-01-24","Article_Number":"102727700","Article_Name":"PROTECTIVE CONDUCTOR TERMINAL","Order_Form_ID":"f4521ed7d686a7ad691a163afce04600"},{"Customer_Name":"D","Calendar_week":4,"Amount":50.0,"PickAndPay":0,"Revenue":1681.83,"Invoice_Date":"2019-01-24","Article_Number":"166325813","Article_Name":"COVER PLATE 16MM","Order_Form_ID":"f4521ed7d686a7ad691a163afce04600"},{"Customer_Name":"D","Calendar_week":4,"Amount":100.0,"PickAndPay":0,"Revenue":6937.53,"Invoice_Date":"2019-01-24","Article_Number":"170879","Article_Name":"WIRE 10,0 MM GN\/YE","Order_Form_ID":"f4521ed7d686a7ad691a163afce04600"},{"Customer_Name":"D","Calendar_week":4,"Amount":50.0,"PickAndPay":0,"Revenue":864.27,"Invoice_Date":"2019-01-24","Article_Number":"106582500","Article_Name":"END SLEEVE FOR STRANDS 6MM","Order_Form_ID":"f4521ed7d686a7ad691a163afce04600"},{"Customer_Name":"D","Calendar_week":4,"Amount":50.0,"PickAndPay":0,"Revenue":864.27,"Invoice_Date":"2019-01-24","Article_Number":"106582600","Article_Name":"END SLEEVE FOR STRANDS 10-18MM","Order_Form_ID":"f4521ed7d686a7ad691a163afce04600"},{"Customer_Name":"D","Calendar_week":4,"Amount":50.0,"PickAndPay":0,"Revenue":864.27,"Invoice_Date":"2019-01-24","Article_Number":"106569900","Article_Name":"RING CABLE TERMINAL\/ISOLATED 2,5-6QMM\/M4","Order_Form_ID":"f4521ed7d686a7ad691a163afce04600"},{"Customer_Name":"D","Calendar_week":4,"Amount":50.0,"PickAndPay":0,"Revenue":58.26,"Invoice_Date":"2019-01-24","Article_Number":"106570100","Article_Name":"CABLE TERMINAL 2,5-6QMM\/M5","Order_Form_ID":"f4521ed7d686a7ad691a163afce04600"},{"Customer_Name":"D","Calendar_week":4,"Amount":50.0,"PickAndPay":0,"Revenue":934.35,"Invoice_Date":"2019-01-24","Article_Number":"248518202","Article_Name":"CABLE TERMINAL 10QMM\/M8","Order_Form_ID":"f4521ed7d686a7ad691a163afce04600"},{"Customer_Name":"D","Calendar_week":4,"Amount":1.0,"PickAndPay":0,"Revenue":121.47,"Invoice_Date":"2019-01-24","Article_Number":"178000","Article_Name":"SUPPORT RAIL B=35MM\/H=7,3MM","Order_Form_ID":"f4521ed7d686a7ad691a163afce04600"},{"Customer_Name":"D","Calendar_week":4,"Amount":30.0,"PickAndPay":0,"Revenue":518.56,"Invoice_Date":"2019-01-24","Article_Number":"134672500","Article_Name":"CHEESE-HEAD SCREW M5X10","Order_Form_ID":"f4521ed7d686a7ad691a163afce04600"},{"Customer_Name":"D","Calendar_week":4,"Amount":30.0,"PickAndPay":0,"Revenue":1387.51,"Invoice_Date":"2019-01-24","Article_Number":"109594000","Article_Name":"CHEESE-HEAD SCREW M4X8","Order_Form_ID":"f4521ed7d686a7ad691a163afce04600"},{"Customer_Name":"D","Calendar_week":4,"Amount":6.0,"PickAndPay":0,"Revenue":2803.04,"Invoice_Date":"2019-01-24","Article_Number":"171048","Article_Name":"RAIL ERDUNGSSCHIENE 2*","Order_Form_ID":"f4521ed7d686a7ad691a163afce04600"},{"Customer_Name":"D","Calendar_week":4,"Amount":15.0,"PickAndPay":0,"Revenue":15767.11,"Invoice_Date":"2019-01-24","Article_Number":"171047","Article_Name":"SCREW M10X56","Order_Form_ID":"f4521ed7d686a7ad691a163afce04600"},{"Customer_Name":"D","Calendar_week":4,"Amount":3.0,"PickAndPay":0,"Revenue":350.38,"Invoice_Date":"2019-01-24","Article_Number":"106838000","Article_Name":"SHRINKING HOSE 18 AUF 6MM","Order_Form_ID":"f4521ed7d686a7ad691a163afce04600"},{"Customer_Name":"D","Calendar_week":4,"Amount":1.0,"PickAndPay":0,"Revenue":412.21,"Invoice_Date":"2019-01-24","Article_Number":"V00000019","Article_Name":"PACKING CHARGES (EUR-PALLET) 1200X800X14","Order_Form_ID":"f4521ed7d686a7ad691a163afce04600"},{"Customer_Name":"D","Calendar_week":4,"Amount":1.0,"PickAndPay":0,"Revenue":26648.96,"Invoice_Date":"2019-01-24","Article_Number":"P030FR001","Article_Name":"FREIGHT CHARGES","Order_Form_ID":"f4521ed7d686a7ad691a163afce04600"},{"Customer_Name":"D","Calendar_week":4,"Amount":1.0,"PickAndPay":1,"Revenue":20964.28,"Invoice_Date":"2019-01-25","Article_Number":"105073700","Article_Name":"KNIFE 2540X30X8 AB2500","Order_Form_ID":"df1d200717408f264ea5f2042568f9b7"},{"Customer_Name":"D","Calendar_week":4,"Amount":1.0,"PickAndPay":1,"Revenue":20964.28,"Invoice_Date":"2019-01-25","Article_Number":"105073800","Article_Name":"KNIFE 2540X30X8 AB2500","Order_Form_ID":"df1d200717408f264ea5f2042568f9b7"},{"Customer_Name":"D","Calendar_week":4,"Amount":2.0,"PickAndPay":1,"Revenue":7529.74,"Invoice_Date":"2019-01-25","Article_Number":"199825800","Article_Name":"PERFLU V250 HIGH TEMP 800G 400ML","Order_Form_ID":"df1d200717408f264ea5f2042568f9b7"},{"Customer_Name":"D","Calendar_week":5,"Amount":100.0,"PickAndPay":0,"Revenue":42310.0,"Invoice_Date":"2019-01-29","Article_Number":"107440100","Article_Name":"NAP FOIL 120 MM BR\/25 M","Order_Form_ID":"b502576a8c44f9864062c2d3039269de"},{"Customer_Name":"D","Calendar_week":5,"Amount":1.0,"PickAndPay":0,"Revenue":197.86,"Invoice_Date":"2019-01-29","Article_Number":"110991003","Article_Name":"PACKING CHARGES (CARTON) 360X360X250","Order_Form_ID":"b502576a8c44f9864062c2d3039269de"},{"Customer_Name":"D","Calendar_week":5,"Amount":100.0,"PickAndPay":0,"Revenue":6937.53,"Invoice_Date":"2019-01-30","Article_Number":"170877","Article_Name":"WIRE 6,0MM GN\/YE","Order_Form_ID":"6e4d75941f5effe526c1ed8ba2d9b148"},{"Customer_Name":"D","Calendar_week":5,"Amount":1.0,"PickAndPay":0,"Revenue":121.47,"Invoice_Date":"2019-01-30","Article_Number":"178000","Article_Name":"SUPPORT RAIL B=35MM\/H=7,3MM","Order_Form_ID":"6e4d75941f5effe526c1ed8ba2d9b148"},{"Customer_Name":"D","Calendar_week":5,"Amount":2.0,"PickAndPay":0,"Revenue":476.52,"Invoice_Date":"2019-01-30","Article_Number":"106838103","Article_Name":"SHRINKING HOSE 40 TO 13MM GN\/YE","Order_Form_ID":"6e4d75941f5effe526c1ed8ba2d9b148"},{"Customer_Name":"D","Calendar_week":5,"Amount":2.0,"PickAndPay":0,"Revenue":96.18,"Invoice_Date":"2019-01-30","Article_Number":"106837900","Article_Name":"SHRINKING HOSE 6 TO 2MM GN\/YE","Order_Form_ID":"6e4d75941f5effe526c1ed8ba2d9b148"},{"Customer_Name":"D","Calendar_week":6,"Amount":-10.0,"PickAndPay":0,"Revenue":-2982.77,"Invoice_Date":"2019-02-04","Article_Number":"181300.02","Article_Name":"SEAL D116X99X2","Order_Form_ID":"4e2b1bd22863ce13b94b34e89cb61097"},{"Customer_Name":"D","Calendar_week":6,"Amount":-2.0,"PickAndPay":0,"Revenue":-8163.72,"Invoice_Date":"2019-02-04","Article_Number":"106826308","Article_Name":"PLATE","Order_Form_ID":"4e2b1bd22863ce13b94b34e89cb61097"},{"Customer_Name":"D","Calendar_week":6,"Amount":-6.0,"PickAndPay":0,"Revenue":-10398.19,"Invoice_Date":"2019-02-04","Article_Number":"181302","Article_Name":"SEALING RING 89,1X59,7X19,5 MM","Order_Form_ID":"4e2b1bd22863ce13b94b34e89cb61097"},{"Customer_Name":"D","Calendar_week":6,"Amount":-6.0,"PickAndPay":0,"Revenue":-1496.33,"Invoice_Date":"2019-02-04","Article_Number":"106826390","Article_Name":"HEXAGONAL SCREW 7\/16\"X2 1\/4\"LG.","Order_Form_ID":"4e2b1bd22863ce13b94b34e89cb61097"},{"Customer_Name":"D","Calendar_week":6,"Amount":-2.0,"PickAndPay":0,"Revenue":-4472.78,"Invoice_Date":"2019-02-04","Article_Number":"106826303","Article_Name":"THRUST PIECE SYPHON 3\/4\"","Order_Form_ID":"4e2b1bd22863ce13b94b34e89cb61097"},{"Customer_Name":"D","Calendar_week":6,"Amount":-2.0,"PickAndPay":0,"Revenue":-32005.25,"Invoice_Date":"2019-02-04","Article_Number":"181300.14","Article_Name":"NIPPLE J.2504 Q","Order_Form_ID":"4e2b1bd22863ce13b94b34e89cb61097"},{"Customer_Name":"D","Calendar_week":6,"Amount":-2.0,"PickAndPay":0,"Revenue":-4203.19,"Invoice_Date":"2019-02-04","Article_Number":"102053000","Article_Name":"SEALING WASHER 110X60K6X17","Order_Form_ID":"4e2b1bd22863ce13b94b34e89cb61097"},{"Customer_Name":"D","Calendar_week":6,"Amount":-2.0,"PickAndPay":0,"Revenue":-519.66,"Invoice_Date":"2019-02-04","Article_Number":"137672","Article_Name":"RADIAL SHAFT SEAL AS 90,0X110X12","Order_Form_ID":"4e2b1bd22863ce13b94b34e89cb61097"},{"Customer_Name":"D","Calendar_week":6,"Amount":-2.0,"PickAndPay":0,"Revenue":-68812.49,"Invoice_Date":"2019-02-04","Article_Number":"181300","Article_Name":"ROTARY STEAM JOINT R 1 1\/4\"","Order_Form_ID":"4e2b1bd22863ce13b94b34e89cb61097"},{"Customer_Name":"D","Calendar_week":6,"Amount":-2.0,"PickAndPay":0,"Revenue":-395.72,"Invoice_Date":"2019-02-04","Article_Number":"110991002","Article_Name":"PACKING CHARGES (CARTON) 300X300X200","Order_Form_ID":"4e2b1bd22863ce13b94b34e89cb61097"},{"Customer_Name":"D","Calendar_week":6,"Amount":-2.0,"PickAndPay":0,"Revenue":-15629.71,"Invoice_Date":"2019-02-04","Article_Number":"102816502","Article_Name":"PRESSURE GAUGE 0-100MBAR;R1\/4\"","Order_Form_ID":"37b44f535a5bca5fb52479ad5092f3af"},{"Customer_Name":"D","Calendar_week":6,"Amount":-1.0,"PickAndPay":0,"Revenue":-197.86,"Invoice_Date":"2019-02-04","Article_Number":"110991000","Article_Name":"PACKING CHARGES (CARTON) 200X200X80","Order_Form_ID":"37b44f535a5bca5fb52479ad5092f3af"},{"Customer_Name":"D","Calendar_week":6,"Amount":-1.0,"PickAndPay":0,"Revenue":-17779.53,"Invoice_Date":"2019-02-04","Article_Number":"106826305","Article_Name":"NIPPLE SYPHON 3\/4\"","Order_Form_ID":"514bd57550b2114a371aad03aad51ec4"},{"Customer_Name":"D","Calendar_week":6,"Amount":-2.0,"PickAndPay":0,"Revenue":-28144.19,"Invoice_Date":"2019-02-04","Article_Number":"121010611","Article_Name":"PLATE","Order_Form_ID":"514bd57550b2114a371aad03aad51ec4"},{"Customer_Name":"D","Calendar_week":6,"Amount":-2.0,"PickAndPay":0,"Revenue":-1920.36,"Invoice_Date":"2019-02-04","Article_Number":"131672120","Article_Name":"O-RING 50,17X5,33","Order_Form_ID":"514bd57550b2114a371aad03aad51ec4"},{"Customer_Name":"D","Calendar_week":6,"Amount":-1.0,"PickAndPay":0,"Revenue":-197.86,"Invoice_Date":"2019-02-04","Article_Number":"110991002","Article_Name":"PACKING CHARGES (CARTON) 300X300X200","Order_Form_ID":"514bd57550b2114a371aad03aad51ec4"},{"Customer_Name":"D","Calendar_week":6,"Amount":-100.0,"PickAndPay":0,"Revenue":-42310.0,"Invoice_Date":"2019-02-04","Article_Number":"107440100","Article_Name":"NAP FOIL 120 MM BR\/25 M","Order_Form_ID":"e696f6eaa5b9a4b0380e32bddf17923f"},{"Customer_Name":"D","Calendar_week":6,"Amount":-1.0,"PickAndPay":0,"Revenue":-197.86,"Invoice_Date":"2019-02-04","Article_Number":"110991003","Article_Name":"PACKING CHARGES (CARTON) 360X360X250","Order_Form_ID":"e696f6eaa5b9a4b0380e32bddf17923f"},{"Customer_Name":"D","Calendar_week":6,"Amount":-100.0,"PickAndPay":0,"Revenue":-6937.53,"Invoice_Date":"2019-02-04","Article_Number":"170877","Article_Name":"WIRE 6,0MM GN\/YE","Order_Form_ID":"95c3ae8f9b4b8e7c2f6fa9b71077b6ce"},{"Customer_Name":"D","Calendar_week":6,"Amount":-1.0,"PickAndPay":0,"Revenue":-121.47,"Invoice_Date":"2019-02-04","Article_Number":"178000","Article_Name":"SUPPORT RAIL B=35MM\/H=7,3MM","Order_Form_ID":"95c3ae8f9b4b8e7c2f6fa9b71077b6ce"},{"Customer_Name":"D","Calendar_week":6,"Amount":-2.0,"PickAndPay":0,"Revenue":-476.52,"Invoice_Date":"2019-02-04","Article_Number":"106838103","Article_Name":"SHRINKING HOSE 40 TO 13MM GN\/YE","Order_Form_ID":"95c3ae8f9b4b8e7c2f6fa9b71077b6ce"},{"Customer_Name":"D","Calendar_week":6,"Amount":-2.0,"PickAndPay":0,"Revenue":-96.18,"Invoice_Date":"2019-02-04","Article_Number":"106837900","Article_Name":"SHRINKING HOSE 6 TO 2MM GN\/YE","Order_Form_ID":"95c3ae8f9b4b8e7c2f6fa9b71077b6ce"},{"Customer_Name":"D","Calendar_week":6,"Amount":-1.0,"PickAndPay":1,"Revenue":-20964.28,"Invoice_Date":"2019-02-04","Article_Number":"105073700","Article_Name":"KNIFE 2540X30X8 AB2500","Order_Form_ID":"a2fe4b19ea2c5be4a3c9f52576e7aea3"},{"Customer_Name":"D","Calendar_week":6,"Amount":-1.0,"PickAndPay":1,"Revenue":-20964.28,"Invoice_Date":"2019-02-04","Article_Number":"105073800","Article_Name":"KNIFE 2540X30X8 AB2500","Order_Form_ID":"a2fe4b19ea2c5be4a3c9f52576e7aea3"},{"Customer_Name":"D","Calendar_week":6,"Amount":-2.0,"PickAndPay":1,"Revenue":-7529.74,"Invoice_Date":"2019-02-04","Article_Number":"199825800","Article_Name":"PERFLU V250 HIGH TEMP 800G 400ML","Order_Form_ID":"a2fe4b19ea2c5be4a3c9f52576e7aea3"},{"Customer_Name":"D","Calendar_week":7,"Amount":-2.0,"PickAndPay":0,"Revenue":-12192.13,"Invoice_Date":"2019-02-11","Article_Number":"101518602","Article_Name":"CARDAN SHAFT S= 360 X= 90","Order_Form_ID":"d98e3ceb02719d7fba370382bb28dfaf"},{"Customer_Name":"D","Calendar_week":7,"Amount":-1.0,"PickAndPay":0,"Revenue":-197.86,"Invoice_Date":"2019-02-11","Article_Number":"118308700","Article_Name":"PACKING CHARGES (CARTON) 330X163X172 MM","Order_Form_ID":"d98e3ceb02719d7fba370382bb28dfaf"},{"Customer_Name":"D","Calendar_week":7,"Amount":-1.0,"PickAndPay":0,"Revenue":-56768.75,"Invoice_Date":"2019-02-11","Article_Number":"113903500","Article_Name":"SERVO CONTROLLER BUM 60 12A 3PH 400V","Order_Form_ID":"6bc1b89fce3f5bb25331c9c860d129d0"},{"Customer_Name":"D","Calendar_week":7,"Amount":-1.0,"PickAndPay":0,"Revenue":-197.86,"Invoice_Date":"2019-02-11","Article_Number":"110991004","Article_Name":"PACKING CHARGES (CARTON) 610X410X230","Order_Form_ID":"6bc1b89fce3f5bb25331c9c860d129d0"},{"Customer_Name":"D","Calendar_week":7,"Amount":-1.0,"PickAndPay":1,"Revenue":-957.71,"Invoice_Date":"2019-02-11","Article_Number":"364361","Article_Name":"SCRAPER BLADE 2550X50X0.8","Order_Form_ID":"0779476ef9a7d89af27aa22ba7d4a7b5"},{"Customer_Name":"D","Calendar_week":7,"Amount":-16.0,"PickAndPay":1,"Revenue":-8633.37,"Invoice_Date":"2019-02-11","Article_Number":"104581595","Article_Name":"BRAKE LINING CORRUDUR 64X5X10","Order_Form_ID":"0779476ef9a7d89af27aa22ba7d4a7b5"},{"Customer_Name":"D","Calendar_week":7,"Amount":-1.0,"PickAndPay":1,"Revenue":-2709.61,"Invoice_Date":"2019-02-11","Article_Number":"105407210","Article_Name":"TOOTHED BELT 29,5X 8X 640","Order_Form_ID":"0779476ef9a7d89af27aa22ba7d4a7b5"},{"Customer_Name":"D","Calendar_week":7,"Amount":-14.0,"PickAndPay":1,"Revenue":-235.51,"Invoice_Date":"2019-02-11","Article_Number":"107254210","Article_Name":"FELT 46X35X10MM","Order_Form_ID":"0779476ef9a7d89af27aa22ba7d4a7b5"},{"Customer_Name":"D","Calendar_week":7,"Amount":-12.0,"PickAndPay":1,"Revenue":-5914.42,"Invoice_Date":"2019-02-11","Article_Number":"123052310","Article_Name":"NO-CRUSH-ROLLER 165X65X50","Order_Form_ID":"0779476ef9a7d89af27aa22ba7d4a7b5"},{"Customer_Name":"D","Calendar_week":7,"Amount":-120.0,"PickAndPay":0,"Revenue":-42674.94,"Invoice_Date":"2019-02-11","Article_Number":"139372425","Article_Name":"FRICTION LINING 50MM \/60M","Order_Form_ID":"12de3b4c8ef707c5a543cd1cc3b5fd31"},{"Customer_Name":"D","Calendar_week":7,"Amount":-1.0,"PickAndPay":0,"Revenue":-197.86,"Invoice_Date":"2019-02-11","Article_Number":"110991004","Article_Name":"PACKING CHARGES (CARTON) 610X410X230","Order_Form_ID":"12de3b4c8ef707c5a543cd1cc3b5fd31"},{"Customer_Name":"D","Calendar_week":7,"Amount":-1.0,"PickAndPay":0,"Revenue":-21766.72,"Invoice_Date":"2019-02-11","Article_Number":"118585130","Article_Name":"OPTIC FIBRE MODULE 4AO","Order_Form_ID":"0566ca47b63bbbcecb5b10f8b332b68b"},{"Customer_Name":"D","Calendar_week":7,"Amount":-1.0,"PickAndPay":0,"Revenue":-197.86,"Invoice_Date":"2019-02-11","Article_Number":"110991001","Article_Name":"PACKING CHARGES (CARTON) 200X200X150","Order_Form_ID":"0566ca47b63bbbcecb5b10f8b332b68b"},{"Customer_Name":"D","Calendar_week":7,"Amount":-1.0,"PickAndPay":1,"Revenue":-164515.22,"Invoice_Date":"2019-02-11","Article_Number":"118027801","Article_Name":"PRESSURE BELT I-QUALITY 2540X 2800","Order_Form_ID":"edeb907a5f73fcbba5cd7b09df764e96"},{"Customer_Name":"D","Calendar_week":7,"Amount":-32.0,"PickAndPay":0,"Revenue":-39966.44,"Invoice_Date":"2019-02-11","Article_Number":"155448002","Article_Name":"BHS-ACTIVE DECALCER 2,5L","Order_Form_ID":"d2f1775f5d280e4c5f2250e77e55d27b"},{"Customer_Name":"D","Calendar_week":7,"Amount":-5.0,"PickAndPay":0,"Revenue":-989.31,"Invoice_Date":"2019-02-11","Article_Number":"110991003","Article_Name":"PACKING CHARGES (CARTON) 360X360X250","Order_Form_ID":"d2f1775f5d280e4c5f2250e77e55d27b"},{"Customer_Name":"D","Calendar_week":7,"Amount":-1.0,"PickAndPay":0,"Revenue":-197.86,"Invoice_Date":"2019-02-11","Article_Number":"110991002","Article_Name":"PACKING CHARGES (CARTON) 300X300X200","Order_Form_ID":"d2f1775f5d280e4c5f2250e77e55d27b"},{"Customer_Name":"D","Calendar_week":7,"Amount":-1.0,"PickAndPay":0,"Revenue":-8663.87,"Invoice_Date":"2019-02-11","Article_Number":"105553900","Article_Name":"DISPLAY 24VDC DIGEM","Order_Form_ID":"fedefff152c5c16cfa60de0f5e127ccb"},{"Customer_Name":"D","Calendar_week":7,"Amount":-6.0,"PickAndPay":0,"Revenue":-25978.43,"Invoice_Date":"2019-02-11","Article_Number":"199825802","Article_Name":"PERFLU H1 HIGH TEMP 0,8KG","Order_Form_ID":"fedefff152c5c16cfa60de0f5e127ccb"},{"Customer_Name":"D","Calendar_week":7,"Amount":-1.0,"PickAndPay":0,"Revenue":-197.86,"Invoice_Date":"2019-02-11","Article_Number":"110991002","Article_Name":"PACKING CHARGES (CARTON) 300X300X200","Order_Form_ID":"fedefff152c5c16cfa60de0f5e127ccb"},{"Customer_Name":"D","Calendar_week":7,"Amount":-1.0,"PickAndPay":0,"Revenue":-59026.02,"Invoice_Date":"2019-02-11","Article_Number":"122675200","Article_Name":"BALL VALVE DN 40\/ PN 40","Order_Form_ID":"01c82211a27a496be09b543f556ffb55"},{"Customer_Name":"D","Calendar_week":7,"Amount":-1.0,"PickAndPay":0,"Revenue":-197.86,"Invoice_Date":"2019-02-11","Article_Number":"110991001","Article_Name":"PACKING CHARGES (CARTON) 200X200X150","Order_Form_ID":"01c82211a27a496be09b543f556ffb55"},{"Customer_Name":"D","Calendar_week":7,"Amount":-1.0,"PickAndPay":0,"Revenue":-53370.2,"Invoice_Date":"2019-02-11","Article_Number":"103778200","Article_Name":"DYNAMOMETRIC TRANSDUCER","Order_Form_ID":"270a3d3773f9245fef64f9b257502400"},{"Customer_Name":"D","Calendar_week":7,"Amount":-1.0,"PickAndPay":0,"Revenue":-197.86,"Invoice_Date":"2019-02-11","Article_Number":"110991002","Article_Name":"PACKING CHARGES (CARTON) 300X300X200","Order_Form_ID":"270a3d3773f9245fef64f9b257502400"},{"Customer_Name":"D","Calendar_week":7,"Amount":-8.0,"PickAndPay":1,"Revenue":-4316.68,"Invoice_Date":"2019-02-11","Article_Number":"104581595","Article_Name":"BRAKE LINING CORRUDUR 64X5X10","Order_Form_ID":"0cfc635ce213ccbc20f9a5295dcf14da"},{"Customer_Name":"D","Calendar_week":7,"Amount":-1.0,"PickAndPay":1,"Revenue":-164515.22,"Invoice_Date":"2019-02-11","Article_Number":"118027801","Article_Name":"PRESSURE BELT I-QUALITY 2540X 2800","Order_Form_ID":"0cfc635ce213ccbc20f9a5295dcf14da"},{"Customer_Name":"D","Calendar_week":7,"Amount":-15.0,"PickAndPay":1,"Revenue":-252.27,"Invoice_Date":"2019-02-11","Article_Number":"107254210","Article_Name":"FELT 46X35X10MM","Order_Form_ID":"0cfc635ce213ccbc20f9a5295dcf14da"},{"Customer_Name":"D","Calendar_week":7,"Amount":-1.0,"PickAndPay":1,"Revenue":-43190.21,"Invoice_Date":"2019-02-11","Article_Number":"105073800","Article_Name":"KNIFE 2540X30X8 AB2500","Order_Form_ID":"0cfc635ce213ccbc20f9a5295dcf14da"},{"Customer_Name":"D","Calendar_week":7,"Amount":-1.0,"PickAndPay":1,"Revenue":-43190.21,"Invoice_Date":"2019-02-11","Article_Number":"105073700","Article_Name":"KNIFE 2540X30X8 AB2500","Order_Form_ID":"0cfc635ce213ccbc20f9a5295dcf14da"},{"Customer_Name":"D","Calendar_week":7,"Amount":-1.0,"PickAndPay":1,"Revenue":-1004.42,"Invoice_Date":"2019-02-11","Article_Number":"109612501","Article_Name":"SEALING LEDGE 5,5X65X2600","Order_Form_ID":"0cfc635ce213ccbc20f9a5295dcf14da"},{"Customer_Name":"D","Calendar_week":7,"Amount":-1.0,"PickAndPay":1,"Revenue":-3319.68,"Invoice_Date":"2019-02-11","Article_Number":"P030FR001","Article_Name":"FREIGHT CHARGES","Order_Form_ID":"9f7379181ecf5a0ef7aeeda81060809c"},{"Customer_Name":"D","Calendar_week":7,"Amount":-1.0,"PickAndPay":0,"Revenue":-1059.93,"Invoice_Date":"2019-02-11","Article_Number":"110658300","Article_Name":"TOOTHED BELT WHEEL 5X19X14H7X37","Order_Form_ID":"4a32a2891260bb4ab7f3237ee8dbe8aa"},{"Customer_Name":"D","Calendar_week":7,"Amount":-1.0,"PickAndPay":0,"Revenue":-1855.5,"Invoice_Date":"2019-02-11","Article_Number":"110658100","Article_Name":"TOOTHED BELT WHEEL 5X30X14H7X21","Order_Form_ID":"4a32a2891260bb4ab7f3237ee8dbe8aa"},{"Customer_Name":"D","Calendar_week":7,"Amount":-1.0,"PickAndPay":0,"Revenue":-197.86,"Invoice_Date":"2019-02-11","Article_Number":"110991000","Article_Name":"PACKING CHARGES (CARTON) 200X200X80","Order_Form_ID":"4a32a2891260bb4ab7f3237ee8dbe8aa"},{"Customer_Name":"D","Calendar_week":7,"Amount":-2.0,"PickAndPay":0,"Revenue":-6681.41,"Invoice_Date":"2019-02-11","Article_Number":"101706200","Article_Name":"GAS PRESSURE SPRING D10\/H200\/F 800N","Order_Form_ID":"c0d2bec5802fe18b3b68e8544ce5febc"},{"Customer_Name":"D","Calendar_week":7,"Amount":-1.0,"PickAndPay":0,"Revenue":-197.86,"Invoice_Date":"2019-02-11","Article_Number":"110991006","Article_Name":"PACKING CHARGES (CARTON) 700X200X200","Order_Form_ID":"c0d2bec5802fe18b3b68e8544ce5febc"},{"Customer_Name":"D","Calendar_week":7,"Amount":-1.0,"PickAndPay":0,"Revenue":-19133.51,"Invoice_Date":"2019-02-11","Article_Number":"100511200","Article_Name":"PRESSURE CONTROL VALVE G1\/8; 0.1-6 BAR","Order_Form_ID":"92190ca1102197643ef00bd827e157bd"},{"Customer_Name":"D","Calendar_week":7,"Amount":-1.0,"PickAndPay":0,"Revenue":-197.86,"Invoice_Date":"2019-02-11","Article_Number":"110991001","Article_Name":"PACKING CHARGES (CARTON) 200X200X150","Order_Form_ID":"92190ca1102197643ef00bd827e157bd"},{"Customer_Name":"D","Calendar_week":7,"Amount":-1.0,"PickAndPay":0,"Revenue":-39663.05,"Invoice_Date":"2019-02-11","Article_Number":"109152500","Article_Name":"SERVOMOTOR DS 45 M-4000L 0,94KW","Order_Form_ID":"f80ff519fdd1366654c3243b676abe18"},{"Customer_Name":"D","Calendar_week":7,"Amount":-1.0,"PickAndPay":0,"Revenue":-26360.41,"Invoice_Date":"2019-02-11","Article_Number":"P030FR001","Article_Name":"FREIGHT CHARGES","Order_Form_ID":"f80ff519fdd1366654c3243b676abe18"},{"Customer_Name":"D","Calendar_week":7,"Amount":-1.0,"PickAndPay":0,"Revenue":-5496.16,"Invoice_Date":"2019-02-11","Article_Number":"P030SF002","Article_Name":"EXTRA COSTS SPECIALTRANSTPORT","Order_Form_ID":"f80ff519fdd1366654c3243b676abe18"},{"Customer_Name":"D","Calendar_week":7,"Amount":-1.0,"PickAndPay":0,"Revenue":-42937.39,"Invoice_Date":"2019-02-11","Article_Number":"109152500","Article_Name":"SERVOMOTOR DS 45 M-4000L 0,94KW","Order_Form_ID":"168e5c6c0364b8f53a7f0b008aad5168"},{"Customer_Name":"D","Calendar_week":7,"Amount":-1.0,"PickAndPay":0,"Revenue":-197.86,"Invoice_Date":"2019-02-11","Article_Number":"118308700","Article_Name":"PACKING CHARGES (CARTON) 330X163X172 MM","Order_Form_ID":"168e5c6c0364b8f53a7f0b008aad5168"},{"Customer_Name":"D","Calendar_week":7,"Amount":-6.0,"PickAndPay":0,"Revenue":-12266.88,"Invoice_Date":"2019-02-11","Article_Number":"105337510","Article_Name":"PROFILED JOINT 20X25X637","Order_Form_ID":"e6c9d61b859e3a8e8e262c0fd7c600a5"},{"Customer_Name":"D","Calendar_week":7,"Amount":-6.0,"PickAndPay":0,"Revenue":-10012.91,"Invoice_Date":"2019-02-11","Article_Number":"102429200","Article_Name":"SEALING ELEMENT 25X15X638","Order_Form_ID":"e6c9d61b859e3a8e8e262c0fd7c600a5"},{"Customer_Name":"D","Calendar_week":7,"Amount":-1.0,"PickAndPay":0,"Revenue":-197.86,"Invoice_Date":"2019-02-11","Article_Number":"110991006","Article_Name":"PACKING CHARGES (CARTON) 700X200X200","Order_Form_ID":"e6c9d61b859e3a8e8e262c0fd7c600a5"},{"Customer_Name":"D","Calendar_week":7,"Amount":-1.0,"PickAndPay":0,"Revenue":-19133.51,"Invoice_Date":"2019-02-11","Article_Number":"100511200","Article_Name":"PRESSURE CONTROL VALVE G1\/8; 0.1-6 BAR","Order_Form_ID":"de6d121f49d7f05aef298a1534cb327e"},{"Customer_Name":"D","Calendar_week":7,"Amount":-1.0,"PickAndPay":0,"Revenue":-197.86,"Invoice_Date":"2019-02-11","Article_Number":"110991001","Article_Name":"PACKING CHARGES (CARTON) 200X200X150","Order_Form_ID":"de6d121f49d7f05aef298a1534cb327e"},{"Customer_Name":"D","Calendar_week":8,"Amount":2.0,"PickAndPay":0,"Revenue":3643.95,"Invoice_Date":"2019-02-21","Article_Number":"136259.10","Article_Name":"RADIAL ANGULAR BALL BEARING 20X42X34","Order_Form_ID":"fecc8de136026b9b226ddec3fdbe357b"},{"Customer_Name":"D","Calendar_week":8,"Amount":2.0,"PickAndPay":0,"Revenue":138.78,"Invoice_Date":"2019-02-21","Article_Number":"122482","Article_Name":"GROOVE NUT M20X1,0","Order_Form_ID":"fecc8de136026b9b226ddec3fdbe357b"},{"Customer_Name":"D","Calendar_week":8,"Amount":1.0,"PickAndPay":0,"Revenue":8806.22,"Invoice_Date":"2019-02-21","Article_Number":"101684397","Article_Name":"SPINDLE NUT 32\/40","Order_Form_ID":"fecc8de136026b9b226ddec3fdbe357b"},{"Customer_Name":"D","Calendar_week":11,"Amount":-6.0,"PickAndPay":0,"Revenue":-236997.22,"Invoice_Date":"2019-03-13","Article_Number":"101684311","Article_Name":"BALL SCREW KGT-S-3240X2727","Order_Form_ID":"d12f41d2ccaeee51b69ea6992635cb6c"},{"Customer_Name":"D","Calendar_week":11,"Amount":-24.0,"PickAndPay":0,"Revenue":-40363.81,"Invoice_Date":"2019-03-13","Article_Number":"136259","Article_Name":"TAPERED ROLLER BEARING 20X42X17","Order_Form_ID":"d12f41d2ccaeee51b69ea6992635cb6c"},{"Customer_Name":"D","Calendar_week":11,"Amount":-12.0,"PickAndPay":0,"Revenue":-832.39,"Invoice_Date":"2019-03-13","Article_Number":"122482","Article_Name":"GROOVE NUT M20X1,0","Order_Form_ID":"d12f41d2ccaeee51b69ea6992635cb6c"},{"Customer_Name":"D","Calendar_week":11,"Amount":-6.0,"PickAndPay":0,"Revenue":-103.6,"Invoice_Date":"2019-03-13","Article_Number":"101519700","Article_Name":"KEY A  5X 5X 22","Order_Form_ID":"d12f41d2ccaeee51b69ea6992635cb6c"},{"Customer_Name":"D","Calendar_week":11,"Amount":-18.0,"PickAndPay":0,"Revenue":-311.08,"Invoice_Date":"2019-03-13","Article_Number":"122865","Article_Name":"DISK 20","Order_Form_ID":"d12f41d2ccaeee51b69ea6992635cb6c"},{"Customer_Name":"D","Calendar_week":11,"Amount":-6.0,"PickAndPay":0,"Revenue":-416.33,"Invoice_Date":"2019-03-13","Article_Number":"138859","Article_Name":"CONICAL GREASE NIPPLE M6X1,0","Order_Form_ID":"d12f41d2ccaeee51b69ea6992635cb6c"},{"Customer_Name":"D","Calendar_week":11,"Amount":-18.0,"PickAndPay":0,"Revenue":-34897.88,"Invoice_Date":"2019-03-13","Article_Number":"101509901","Article_Name":"LINEAR BALL BEARING 30\/47\/68","Order_Form_ID":"d12f41d2ccaeee51b69ea6992635cb6c"},{"Customer_Name":"D","Calendar_week":11,"Amount":-20.0,"PickAndPay":0,"Revenue":-5933.11,"Invoice_Date":"2019-03-13","Article_Number":"115699502","Article_Name":"SHIELDING TERMINAL SK 10-20","Order_Form_ID":"d12f41d2ccaeee51b69ea6992635cb6c"},{"Customer_Name":"D","Calendar_week":11,"Amount":-1.0,"PickAndPay":0,"Revenue":-9647.14,"Invoice_Date":"2019-03-13","Article_Number":"184660410","Article_Name":"CONVERTER","Order_Form_ID":"d12f41d2ccaeee51b69ea6992635cb6c"},{"Customer_Name":"D","Calendar_week":11,"Amount":-1.0,"PickAndPay":0,"Revenue":-9647.14,"Invoice_Date":"2019-03-13","Article_Number":"184660410","Article_Name":"CONVERTER","Order_Form_ID":"d12f41d2ccaeee51b69ea6992635cb6c"},{"Customer_Name":"D","Calendar_week":11,"Amount":-1.0,"PickAndPay":0,"Revenue":-13407.89,"Invoice_Date":"2019-03-13","Article_Number":"109736901","Article_Name":"INTERFACE RS232\/RS422","Order_Form_ID":"d12f41d2ccaeee51b69ea6992635cb6c"},{"Customer_Name":"D","Calendar_week":11,"Amount":-40.0,"PickAndPay":0,"Revenue":-14295.52,"Invoice_Date":"2019-03-13","Article_Number":"115699501","Article_Name":"TERMINAL SK 4-13,5","Order_Form_ID":"d12f41d2ccaeee51b69ea6992635cb6c"},{"Customer_Name":"D","Calendar_week":11,"Amount":-160.0,"PickAndPay":0,"Revenue":-2765.67,"Invoice_Date":"2019-03-13","Article_Number":"105447500","Article_Name":"SERRATED LOCK WASHER A 10,5","Order_Form_ID":"d12f41d2ccaeee51b69ea6992635cb6c"},{"Customer_Name":"D","Calendar_week":11,"Amount":-60.0,"PickAndPay":0,"Revenue":-11352.32,"Invoice_Date":"2019-03-13","Article_Number":"171335","Article_Name":"WIRE 35 MM GN\/GE","Order_Form_ID":"d12f41d2ccaeee51b69ea6992635cb6c"},{"Customer_Name":"D","Calendar_week":11,"Amount":-200.0,"PickAndPay":0,"Revenue":-3457.09,"Invoice_Date":"2019-03-13","Article_Number":"178509","Article_Name":"CABLE TIE 140*3,6","Order_Form_ID":"d12f41d2ccaeee51b69ea6992635cb6c"},{"Customer_Name":"D","Calendar_week":11,"Amount":-10.0,"PickAndPay":0,"Revenue":-347.91,"Invoice_Date":"2019-03-13","Article_Number":"248518216","Article_Name":"CABLE TERMINAL 35QMM\/M12","Order_Form_ID":"d12f41d2ccaeee51b69ea6992635cb6c"},{"Customer_Name":"D","Calendar_week":11,"Amount":-10.0,"PickAndPay":0,"Revenue":-347.91,"Invoice_Date":"2019-03-13","Article_Number":"248518215","Article_Name":"CABLE TERMINAL 35QMM\/M10","Order_Form_ID":"d12f41d2ccaeee51b69ea6992635cb6c"},{"Customer_Name":"D","Calendar_week":11,"Amount":-20.0,"PickAndPay":0,"Revenue":-7147.76,"Invoice_Date":"2019-03-13","Article_Number":"102780800","Article_Name":"PROTECTIVE CONDUCTOR TERMINAL 35MM-2L","Order_Form_ID":"d12f41d2ccaeee51b69ea6992635cb6c"},{"Customer_Name":"D","Calendar_week":11,"Amount":-50.0,"PickAndPay":0,"Revenue":-5839.67,"Invoice_Date":"2019-03-13","Article_Number":"102727700","Article_Name":"PROTECTIVE CONDUCTOR TERMINAL","Order_Form_ID":"d12f41d2ccaeee51b69ea6992635cb6c"},{"Customer_Name":"D","Calendar_week":11,"Amount":-50.0,"PickAndPay":0,"Revenue":-1681.83,"Invoice_Date":"2019-03-13","Article_Number":"166325813","Article_Name":"COVER PLATE 16MM","Order_Form_ID":"d12f41d2ccaeee51b69ea6992635cb6c"},{"Customer_Name":"D","Calendar_week":11,"Amount":-100.0,"PickAndPay":0,"Revenue":-6937.53,"Invoice_Date":"2019-03-13","Article_Number":"170879","Article_Name":"WIRE 10,0 MM GN\/YE","Order_Form_ID":"d12f41d2ccaeee51b69ea6992635cb6c"},{"Customer_Name":"D","Calendar_week":11,"Amount":-50.0,"PickAndPay":0,"Revenue":-864.27,"Invoice_Date":"2019-03-13","Article_Number":"106582500","Article_Name":"END SLEEVE FOR STRANDS 6MM","Order_Form_ID":"d12f41d2ccaeee51b69ea6992635cb6c"},{"Customer_Name":"D","Calendar_week":11,"Amount":-50.0,"PickAndPay":0,"Revenue":-864.27,"Invoice_Date":"2019-03-13","Article_Number":"106582600","Article_Name":"END SLEEVE FOR STRANDS 10-18MM","Order_Form_ID":"d12f41d2ccaeee51b69ea6992635cb6c"},{"Customer_Name":"D","Calendar_week":11,"Amount":-50.0,"PickAndPay":0,"Revenue":-864.27,"Invoice_Date":"2019-03-13","Article_Number":"106569900","Article_Name":"RING CABLE TERMINAL\/ISOLATED 2,5-6QMM\/M4","Order_Form_ID":"d12f41d2ccaeee51b69ea6992635cb6c"},{"Customer_Name":"D","Calendar_week":11,"Amount":-50.0,"PickAndPay":0,"Revenue":-58.26,"Invoice_Date":"2019-03-13","Article_Number":"106570100","Article_Name":"CABLE TERMINAL 2,5-6QMM\/M5","Order_Form_ID":"d12f41d2ccaeee51b69ea6992635cb6c"},{"Customer_Name":"D","Calendar_week":11,"Amount":-50.0,"PickAndPay":0,"Revenue":-934.35,"Invoice_Date":"2019-03-13","Article_Number":"248518202","Article_Name":"CABLE TERMINAL 10QMM\/M8","Order_Form_ID":"d12f41d2ccaeee51b69ea6992635cb6c"},{"Customer_Name":"D","Calendar_week":11,"Amount":-1.0,"PickAndPay":0,"Revenue":-121.47,"Invoice_Date":"2019-03-13","Article_Number":"178000","Article_Name":"SUPPORT RAIL B=35MM\/H=7,3MM","Order_Form_ID":"d12f41d2ccaeee51b69ea6992635cb6c"},{"Customer_Name":"D","Calendar_week":11,"Amount":-30.0,"PickAndPay":0,"Revenue":-518.56,"Invoice_Date":"2019-03-13","Article_Number":"134672500","Article_Name":"CHEESE-HEAD SCREW M5X10","Order_Form_ID":"d12f41d2ccaeee51b69ea6992635cb6c"},{"Customer_Name":"D","Calendar_week":11,"Amount":-30.0,"PickAndPay":0,"Revenue":-1387.51,"Invoice_Date":"2019-03-13","Article_Number":"109594000","Article_Name":"CHEESE-HEAD SCREW M4X8","Order_Form_ID":"d12f41d2ccaeee51b69ea6992635cb6c"},{"Customer_Name":"D","Calendar_week":11,"Amount":-6.0,"PickAndPay":0,"Revenue":-2803.04,"Invoice_Date":"2019-03-13","Article_Number":"171048","Article_Name":"RAIL ERDUNGSSCHIENE 2*","Order_Form_ID":"d12f41d2ccaeee51b69ea6992635cb6c"},{"Customer_Name":"D","Calendar_week":11,"Amount":-15.0,"PickAndPay":0,"Revenue":-15767.11,"Invoice_Date":"2019-03-13","Article_Number":"171047","Article_Name":"SCREW M10X56","Order_Form_ID":"d12f41d2ccaeee51b69ea6992635cb6c"},{"Customer_Name":"D","Calendar_week":11,"Amount":-3.0,"PickAndPay":0,"Revenue":-350.38,"Invoice_Date":"2019-03-13","Article_Number":"106838000","Article_Name":"SHRINKING HOSE 18 AUF 6MM","Order_Form_ID":"d12f41d2ccaeee51b69ea6992635cb6c"},{"Customer_Name":"D","Calendar_week":11,"Amount":-1.0,"PickAndPay":0,"Revenue":-412.21,"Invoice_Date":"2019-03-13","Article_Number":"V00000019","Article_Name":"PACKING CHARGES (EUR-PALLET) 1200X800X14","Order_Form_ID":"d12f41d2ccaeee51b69ea6992635cb6c"},{"Customer_Name":"D","Calendar_week":11,"Amount":-1.0,"PickAndPay":0,"Revenue":-26648.96,"Invoice_Date":"2019-03-13","Article_Number":"P030FR001","Article_Name":"FREIGHT CHARGES","Order_Form_ID":"d12f41d2ccaeee51b69ea6992635cb6c"},{"Customer_Name":"D","Calendar_week":11,"Amount":1.0,"PickAndPay":1,"Revenue":3247.68,"Invoice_Date":"2019-03-13","Article_Number":"P030FR001","Article_Name":"FREIGHT CHARGES","Order_Form_ID":"bbdfaf197135deb30b71527997156a84"},{"Customer_Name":"D","Calendar_week":11,"Amount":-1.0,"PickAndPay":1,"Revenue":-3247.68,"Invoice_Date":"2019-03-13","Article_Number":"P030FR001","Article_Name":"FREIGHT CHARGES","Order_Form_ID":"6f0c7a8d51102144cc5f43c057fb8c7f"},{"Customer_Name":"D","Calendar_week":3,"Amount":1.0,"PickAndPay":0,"Revenue":16257.64,"Invoice_Date":"2016-01-20","Article_Number":"122037500","Article_Name":"PRESSURE CONTROL VALVE G1\/4-QN1000","Order_Form_ID":"1856f9ad79fe166ee70e1481e22377fb"},{"Customer_Name":"D","Calendar_week":3,"Amount":1.0,"PickAndPay":0,"Revenue":16864.97,"Invoice_Date":"2016-01-20","Article_Number":"100511200","Article_Name":"PRESSURE CONTROL VALVE G1\/8; 0.1-6 BAR","Order_Form_ID":"1856f9ad79fe166ee70e1481e22377fb"},{"Customer_Name":"D","Calendar_week":3,"Amount":1.0,"PickAndPay":0,"Revenue":2198.46,"Invoice_Date":"2016-01-20","Article_Number":"P030FR001","Article_Name":"FREIGHT CHARGES","Order_Form_ID":"1856f9ad79fe166ee70e1481e22377fb"},{"Customer_Name":"D","Calendar_week":3,"Amount":1.0,"PickAndPay":0,"Revenue":192.37,"Invoice_Date":"2016-01-20","Article_Number":"P030PA001","Article_Name":"PACKING","Order_Form_ID":"1856f9ad79fe166ee70e1481e22377fb"},{"Customer_Name":"D","Calendar_week":9,"Amount":1.0,"PickAndPay":0,"Revenue":2803.04,"Invoice_Date":"2016-03-04","Article_Number":"102331301","Article_Name":"2\/2 WAY SOLENOID VALVE G1\/2 - NW12","Order_Form_ID":"271f2cb5b587fec0c72f476a38d73acb"},{"Customer_Name":"D","Calendar_week":9,"Amount":1.0,"PickAndPay":0,"Revenue":1703.81,"Invoice_Date":"2016-03-04","Article_Number":"P030FR001","Article_Name":"FREIGHT CHARGES","Order_Form_ID":"271f2cb5b587fec0c72f476a38d73acb"},{"Customer_Name":"D","Calendar_week":9,"Amount":1.0,"PickAndPay":0,"Revenue":192.37,"Invoice_Date":"2016-03-04","Article_Number":"P030PA001","Article_Name":"PACKING","Order_Form_ID":"271f2cb5b587fec0c72f476a38d73acb"},{"Customer_Name":"D","Calendar_week":11,"Amount":3.0,"PickAndPay":0,"Revenue":4529.94,"Invoice_Date":"2016-03-17","Article_Number":"101702202","Article_Name":"SEALING RING 131\/111X10","Order_Form_ID":"97ad32143df27ae52952d44ee9cea047"},{"Customer_Name":"D","Calendar_week":11,"Amount":3.0,"PickAndPay":0,"Revenue":4348.01,"Invoice_Date":"2016-03-17","Article_Number":"102034500","Article_Name":"SEALING RING 109\/95X5","Order_Form_ID":"97ad32143df27ae52952d44ee9cea047"},{"Customer_Name":"D","Calendar_week":11,"Amount":1.0,"PickAndPay":0,"Revenue":192.37,"Invoice_Date":"2016-03-17","Article_Number":"110991000","Article_Name":"PACKING CHARGES (CARTON) 200X200X80","Order_Form_ID":"97ad32143df27ae52952d44ee9cea047"},{"Customer_Name":"D","Calendar_week":14,"Amount":66.0,"PickAndPay":0,"Revenue":53804.4,"Invoice_Date":"2016-04-05","Article_Number":"108508398","Article_Name":"PRESSURE SHOE, COMPLETE","Order_Form_ID":"df7ea8f54f39034a39c867eaae20c131"},{"Customer_Name":"D","Calendar_week":14,"Amount":1.0,"PickAndPay":0,"Revenue":4809.14,"Invoice_Date":"2016-04-05","Article_Number":"P030FR001","Article_Name":"FREIGHT CHARGES","Order_Form_ID":"df7ea8f54f39034a39c867eaae20c131"},{"Customer_Name":"D","Calendar_week":14,"Amount":1.0,"PickAndPay":0,"Revenue":192.37,"Invoice_Date":"2016-04-05","Article_Number":"P030PA001","Article_Name":"PACKING","Order_Form_ID":"df7ea8f54f39034a39c867eaae20c131"},{"Customer_Name":"D","Calendar_week":15,"Amount":10.0,"PickAndPay":0,"Revenue":993.71,"Invoice_Date":"2016-04-15","Article_Number":"150343","Article_Name":"SEALING RING 38,0X46,0X2,0","Order_Form_ID":"ae55c9b506156a23870c6fbb64b86937"},{"Customer_Name":"D","Calendar_week":15,"Amount":3.0,"PickAndPay":0,"Revenue":4706.09,"Invoice_Date":"2016-04-15","Article_Number":"363694","Article_Name":"SEALING RING 142+0,5\/101X2","Order_Form_ID":"ae55c9b506156a23870c6fbb64b86937"},{"Customer_Name":"D","Calendar_week":15,"Amount":1.0,"PickAndPay":0,"Revenue":192.37,"Invoice_Date":"2016-04-15","Article_Number":"110991000","Article_Name":"PACKING CHARGES (CARTON) 200X200X80","Order_Form_ID":"ae55c9b506156a23870c6fbb64b86937"},{"Customer_Name":"D","Calendar_week":17,"Amount":1.0,"PickAndPay":0,"Revenue":93434.74,"Invoice_Date":"2016-04-25","Article_Number":"P030LF001","Article_Name":"LENDING FEE","Order_Form_ID":"c1820c67171d697ef5b176cedd90fa6d"},{"Customer_Name":"D","Calendar_week":19,"Amount":1.0,"PickAndPay":0,"Revenue":99344.49,"Invoice_Date":"2016-05-10","Article_Number":"116589003","Article_Name":"COMPUTER","Order_Form_ID":"017d77d749e7346504505c433a80e92a"},{"Customer_Name":"D","Calendar_week":19,"Amount":1.0,"PickAndPay":0,"Revenue":14178.72,"Invoice_Date":"2016-05-10","Article_Number":"116864300","Article_Name":"INTERFACE IM182","Order_Form_ID":"017d77d749e7346504505c433a80e92a"},{"Customer_Name":"D","Calendar_week":19,"Amount":1.0,"PickAndPay":0,"Revenue":136157.77,"Invoice_Date":"2016-05-10","Article_Number":"137711100","Article_Name":"ELECTRONIC CARD","Order_Form_ID":"017d77d749e7346504505c433a80e92a"},{"Customer_Name":"D","Calendar_week":19,"Amount":1.0,"PickAndPay":0,"Revenue":26116.93,"Invoice_Date":"2016-05-10","Article_Number":"P030FR001","Article_Name":"FREIGHT CHARGES","Order_Form_ID":"017d77d749e7346504505c433a80e92a"},{"Customer_Name":"D","Calendar_week":20,"Amount":1.0,"PickAndPay":0,"Revenue":109923.22,"Invoice_Date":"2016-05-19","Article_Number":"P030LF001","Article_Name":"LENDING FEE","Order_Form_ID":"807aa221d42ceb4af7efc46a10545520"},{"Customer_Name":"D","Calendar_week":20,"Amount":1.0,"PickAndPay":0,"Revenue":35038.03,"Invoice_Date":"2016-05-19","Article_Number":"P030FR001","Article_Name":"FREIGHT CHARGES","Order_Form_ID":"807aa221d42ceb4af7efc46a10545520"},{"Customer_Name":"D","Calendar_week":20,"Amount":-1.0,"PickAndPay":0,"Revenue":-109923.22,"Invoice_Date":"2016-05-19","Article_Number":"P030LF001","Article_Name":"LENDING FEE","Order_Form_ID":"8cae0e9e5c1657e1c73b5e88ee2219c0"},{"Customer_Name":"D","Calendar_week":20,"Amount":-1.0,"PickAndPay":0,"Revenue":-35038.03,"Invoice_Date":"2016-05-19","Article_Number":"P030FR001","Article_Name":"FREIGHT CHARGES","Order_Form_ID":"8cae0e9e5c1657e1c73b5e88ee2219c0"},{"Customer_Name":"D","Calendar_week":21,"Amount":1.0,"PickAndPay":0,"Revenue":109923.22,"Invoice_Date":"2016-05-25","Article_Number":"P030LF001","Article_Name":"LENDING FEE","Order_Form_ID":"e78298fc6208fcf98e294ef44f7e6f18"},{"Customer_Name":"D","Calendar_week":21,"Amount":1.0,"PickAndPay":0,"Revenue":35038.03,"Invoice_Date":"2016-05-25","Article_Number":"P030FR001","Article_Name":"FREIGHT CHARGES","Order_Form_ID":"e78298fc6208fcf98e294ef44f7e6f18"},{"Customer_Name":"D","Calendar_week":22,"Amount":1.0,"PickAndPay":1,"Revenue":1027.78,"Invoice_Date":"2016-06-03","Article_Number":"601135","Article_Name":"GLUE 1PC=1L","Order_Form_ID":"8e7370a9a2777cc7435172b94abdf59c"},{"Customer_Name":"D","Calendar_week":22,"Amount":1.0,"PickAndPay":1,"Revenue":160030.35,"Invoice_Date":"2016-06-03","Article_Number":"118027801","Article_Name":"PRESSURE BELT I-QUALITY 2540X 2800","Order_Form_ID":"8e7370a9a2777cc7435172b94abdf59c"},{"Customer_Name":"D","Calendar_week":22,"Amount":2.0,"PickAndPay":0,"Revenue":9243.99,"Invoice_Date":"2016-06-03","Article_Number":"119957860","Article_Name":"STEAM HOSE 1\"X875MM -5\/+10","Order_Form_ID":"833f2b3afe3aa64f1ab8590082116131"},{"Customer_Name":"D","Calendar_week":22,"Amount":1.0,"PickAndPay":0,"Revenue":192.37,"Invoice_Date":"2016-06-03","Article_Number":"V00000025","Article_Name":"PACKING CHARGES (CARTON)","Order_Form_ID":"833f2b3afe3aa64f1ab8590082116131"},{"Customer_Name":"D","Calendar_week":26,"Amount":1.0,"PickAndPay":1,"Revenue":981.06,"Invoice_Date":"2016-06-30","Article_Number":"109612501","Article_Name":"SEALING LEDGE 5,5X65X2600","Order_Form_ID":"4a8cc600c23d82a61789fbf9a4458ef0"},{"Customer_Name":"D","Calendar_week":27,"Amount":2.0,"PickAndPay":0,"Revenue":192709.15,"Invoice_Date":"2016-07-08","Article_Number":"600644","Article_Name":"CARDAN SHAFT LZ=650 LA=90","Order_Form_ID":"efb5107b184b30af59d5f571ccbb585a"},{"Customer_Name":"D","Calendar_week":27,"Amount":-2.0,"PickAndPay":0,"Revenue":-192709.15,"Invoice_Date":"2016-07-08","Article_Number":"600644","Article_Name":"CARDAN SHAFT LZ=650 LA=90","Order_Form_ID":"39666a8958443932526d0ca794eedd1b"},{"Customer_Name":"D","Calendar_week":27,"Amount":2.0,"PickAndPay":0,"Revenue":192709.15,"Invoice_Date":"2016-07-08","Article_Number":"600644","Article_Name":"CARDAN SHAFT LZ=650 LA=90","Order_Form_ID":"133be7418375862d795d276054e10a48"},{"Customer_Name":"D","Calendar_week":27,"Amount":1.0,"PickAndPay":0,"Revenue":14152.62,"Invoice_Date":"2016-07-08","Article_Number":"P030FR001","Article_Name":"FREIGHT CHARGES","Order_Form_ID":"133be7418375862d795d276054e10a48"},{"Customer_Name":"D","Calendar_week":30,"Amount":1.0,"PickAndPay":0,"Revenue":74467.49,"Invoice_Date":"2016-07-25","Article_Number":"113903510","Article_Name":"SERVOMOTOR DS 56 L 56R","Order_Form_ID":"761c860c3b5069be643784c94dd31e3a"},{"Customer_Name":"D","Calendar_week":30,"Amount":1.0,"PickAndPay":0,"Revenue":51505.9,"Invoice_Date":"2016-07-25","Article_Number":"113903500","Article_Name":"SERVO CONTROLLER BUM 60 12A 3PH 400V","Order_Form_ID":"761c860c3b5069be643784c94dd31e3a"},{"Customer_Name":"D","Calendar_week":30,"Amount":1.0,"PickAndPay":0,"Revenue":26116.93,"Invoice_Date":"2016-07-25","Article_Number":"P030FR001","Article_Name":"FREIGHT CHARGES","Order_Form_ID":"761c860c3b5069be643784c94dd31e3a"},{"Customer_Name":"D","Calendar_week":30,"Amount":1.0,"PickAndPay":0,"Revenue":2616.17,"Invoice_Date":"2016-07-25","Article_Number":"167986401","Article_Name":"STRAINER","Order_Form_ID":"eb25bf3cfd420985ea036625cd1a0997"},{"Customer_Name":"D","Calendar_week":30,"Amount":1.0,"PickAndPay":0,"Revenue":26244.17,"Invoice_Date":"2016-07-25","Article_Number":"P030FR001","Article_Name":"FREIGHT CHARGES","Order_Form_ID":"eb25bf3cfd420985ea036625cd1a0997"},{"Customer_Name":"D","Calendar_week":30,"Amount":-1.0,"PickAndPay":0,"Revenue":-2616.17,"Invoice_Date":"2016-07-25","Article_Number":"167986401","Article_Name":"STRAINER","Order_Form_ID":"6f7158d4d2c35d9762d32552aacf60e6"},{"Customer_Name":"D","Calendar_week":30,"Amount":-1.0,"PickAndPay":0,"Revenue":-26244.17,"Invoice_Date":"2016-07-25","Article_Number":"P030FR001","Article_Name":"FREIGHT CHARGES","Order_Form_ID":"6f7158d4d2c35d9762d32552aacf60e6"},{"Customer_Name":"D","Calendar_week":32,"Amount":2.0,"PickAndPay":0,"Revenue":8808.97,"Invoice_Date":"2016-08-10","Article_Number":"119958260","Article_Name":"STEAM HOSE 1 1\/4\"X930MM","Order_Form_ID":"3a03160a2cf918f411f5a7afc72ff007"},{"Customer_Name":"D","Calendar_week":32,"Amount":1.0,"PickAndPay":0,"Revenue":28905.41,"Invoice_Date":"2016-08-10","Article_Number":"600771","Article_Name":"PUMP 380-480V,50-60H","Order_Form_ID":"3a03160a2cf918f411f5a7afc72ff007"},{"Customer_Name":"D","Calendar_week":32,"Amount":1.0,"PickAndPay":0,"Revenue":192.37,"Invoice_Date":"2016-08-10","Article_Number":"V00000025","Article_Name":"PACKING CHARGES (CARTON)","Order_Form_ID":"3a03160a2cf918f411f5a7afc72ff007"},{"Customer_Name":"D","Calendar_week":32,"Amount":1.0,"PickAndPay":0,"Revenue":192.37,"Invoice_Date":"2016-08-10","Article_Number":"110991010","Article_Name":"PACKING CHARGES (CARTON) 1100X100X100","Order_Form_ID":"3a03160a2cf918f411f5a7afc72ff007"},{"Customer_Name":"D","Calendar_week":33,"Amount":4.0,"PickAndPay":0,"Revenue":12311.68,"Invoice_Date":"2016-08-17","Article_Number":"111125190","Article_Name":"GLUE DAM JOINT 3X100X180","Order_Form_ID":"7a83a479e70e6e07853c0e825a4f7e29"},{"Customer_Name":"D","Calendar_week":33,"Amount":1.0,"PickAndPay":0,"Revenue":192.37,"Invoice_Date":"2016-08-17","Article_Number":"110991000","Article_Name":"PACKING CHARGES (CARTON) 200X200X80","Order_Form_ID":"7a83a479e70e6e07853c0e825a4f7e29"},{"Customer_Name":"D","Calendar_week":35,"Amount":1.0,"PickAndPay":0,"Revenue":155965.94,"Invoice_Date":"2016-08-31","Article_Number":"123199310","Article_Name":"BEARING","Order_Form_ID":"8afbc90ee43c3777ba87c6c9813155ab"},{"Customer_Name":"D","Calendar_week":35,"Amount":1.0,"PickAndPay":0,"Revenue":155965.94,"Invoice_Date":"2016-08-31","Article_Number":"123199311","Article_Name":"BEARING","Order_Form_ID":"8afbc90ee43c3777ba87c6c9813155ab"},{"Customer_Name":"D","Calendar_week":35,"Amount":1.0,"PickAndPay":0,"Revenue":12660.41,"Invoice_Date":"2016-08-31","Article_Number":"123199511","Article_Name":"SUPPLEMENTARY PARTS","Order_Form_ID":"8afbc90ee43c3777ba87c6c9813155ab"},{"Customer_Name":"D","Calendar_week":35,"Amount":1.0,"PickAndPay":0,"Revenue":5722.88,"Invoice_Date":"2016-08-31","Article_Number":"136713900","Article_Name":"SEALING AGENT KIT","Order_Form_ID":"8afbc90ee43c3777ba87c6c9813155ab"},{"Customer_Name":"D","Calendar_week":35,"Amount":2.0,"PickAndPay":0,"Revenue":81568.53,"Invoice_Date":"2016-08-31","Article_Number":"208780610","Article_Name":"BHS KNIFE SET 2500MM","Order_Form_ID":"8afbc90ee43c3777ba87c6c9813155ab"},{"Customer_Name":"D","Calendar_week":35,"Amount":1.0,"PickAndPay":0,"Revenue":2061.06,"Invoice_Date":"2016-08-31","Article_Number":"V00000024","Article_Name":"PACKING CHARGES (BOX)","Order_Form_ID":"8afbc90ee43c3777ba87c6c9813155ab"},{"Customer_Name":"D","Calendar_week":35,"Amount":1.0,"PickAndPay":0,"Revenue":2616.17,"Invoice_Date":"2016-08-31","Article_Number":"167986401","Article_Name":"STRAINER","Order_Form_ID":"8afbc90ee43c3777ba87c6c9813155ab"},{"Customer_Name":"D","Calendar_week":35,"Amount":1.0,"PickAndPay":0,"Revenue":26244.17,"Invoice_Date":"2016-08-31","Article_Number":"P030FR001","Article_Name":"FREIGHT CHARGES","Order_Form_ID":"8afbc90ee43c3777ba87c6c9813155ab"},{"Customer_Name":"D","Calendar_week":36,"Amount":1.0,"PickAndPay":0,"Revenue":1063830.64,"Invoice_Date":"2016-09-09","Article_Number":"851011351","Article_Name":"DRIVE","Order_Form_ID":"d264eeba6a89c7efd5e1b5a50676bf11"},{"Customer_Name":"D","Calendar_week":36,"Amount":2.0,"PickAndPay":0,"Revenue":824.42,"Invoice_Date":"2016-09-09","Article_Number":"V00000019","Article_Name":"PACKING CHARGES (EUR-PALLET) 1200X800X14","Order_Form_ID":"d264eeba6a89c7efd5e1b5a50676bf11"},{"Customer_Name":"D","Calendar_week":36,"Amount":1.0,"PickAndPay":0,"Revenue":5770.97,"Invoice_Date":"2016-09-09","Article_Number":"V00000024","Article_Name":"PACKING CHARGES (BOX)","Order_Form_ID":"d264eeba6a89c7efd5e1b5a50676bf11"},{"Customer_Name":"D","Calendar_week":36,"Amount":1.0,"PickAndPay":0,"Revenue":57094.95,"Invoice_Date":"2016-09-09","Article_Number":"122675200","Article_Name":"BALL VALVE DN 40\/ PN 40","Order_Form_ID":"da6779254142fb611dc2b19d1722d8e0"},{"Customer_Name":"D","Calendar_week":36,"Amount":1.0,"PickAndPay":0,"Revenue":12751.09,"Invoice_Date":"2016-09-09","Article_Number":"122673600","Article_Name":"BALL VALVE DN40 PN40","Order_Form_ID":"da6779254142fb611dc2b19d1722d8e0"},{"Customer_Name":"D","Calendar_week":36,"Amount":1.0,"PickAndPay":0,"Revenue":192.37,"Invoice_Date":"2016-09-09","Article_Number":"118308700","Article_Name":"PACKING CHARGES (CARTON) 330X163X172 MM","Order_Form_ID":"da6779254142fb611dc2b19d1722d8e0"},{"Customer_Name":"D","Calendar_week":36,"Amount":-1.0,"PickAndPay":0,"Revenue":-1063830.64,"Invoice_Date":"2016-09-09","Article_Number":"851011351","Article_Name":"DRIVE","Order_Form_ID":"851582acae5a69527566295de0994e9f"},{"Customer_Name":"D","Calendar_week":36,"Amount":-2.0,"PickAndPay":0,"Revenue":-824.42,"Invoice_Date":"2016-09-09","Article_Number":"V00000019","Article_Name":"PACKING CHARGES (EUR-PALLET) 1200X800X14","Order_Form_ID":"851582acae5a69527566295de0994e9f"},{"Customer_Name":"D","Calendar_week":36,"Amount":-1.0,"PickAndPay":0,"Revenue":-5770.97,"Invoice_Date":"2016-09-09","Article_Number":"V00000024","Article_Name":"PACKING CHARGES (BOX)","Order_Form_ID":"851582acae5a69527566295de0994e9f"},{"Customer_Name":"D","Calendar_week":37,"Amount":1.0,"PickAndPay":0,"Revenue":1063520.93,"Invoice_Date":"2016-09-13","Article_Number":"851011351","Article_Name":"DRIVE","Order_Form_ID":"5700e99327cae89396ec16b23e6f0ad3"},{"Customer_Name":"D","Calendar_week":37,"Amount":2.0,"PickAndPay":0,"Revenue":824.42,"Invoice_Date":"2016-09-13","Article_Number":"V00000019","Article_Name":"PACKING CHARGES (EUR-PALLET) 1200X800X14","Order_Form_ID":"5700e99327cae89396ec16b23e6f0ad3"},{"Customer_Name":"D","Calendar_week":37,"Amount":1.0,"PickAndPay":0,"Revenue":5770.97,"Invoice_Date":"2016-09-13","Article_Number":"V00000024","Article_Name":"PACKING CHARGES (BOX)","Order_Form_ID":"5700e99327cae89396ec16b23e6f0ad3"},{"Customer_Name":"D","Calendar_week":37,"Amount":1.0,"PickAndPay":0,"Revenue":34900.62,"Invoice_Date":"2016-09-13","Article_Number":"P030FR001","Article_Name":"FREIGHT CHARGES","Order_Form_ID":"5700e99327cae89396ec16b23e6f0ad3"},{"Customer_Name":"D","Calendar_week":39,"Amount":1.0,"PickAndPay":0,"Revenue":8770.77,"Invoice_Date":"2016-09-27","Article_Number":"102816502","Article_Name":"PRESSURE GAUGE 0-100MBAR;R1\/4\"","Order_Form_ID":"dec7e86b894602c6428eb6525bcbab4a"},{"Customer_Name":"D","Calendar_week":39,"Amount":1.0,"PickAndPay":0,"Revenue":192.37,"Invoice_Date":"2016-09-27","Article_Number":"118308700","Article_Name":"PACKING CHARGES (CARTON) 330X163X172 MM","Order_Form_ID":"dec7e86b894602c6428eb6525bcbab4a"},{"Customer_Name":"D","Calendar_week":6,"Amount":1.0,"PickAndPay":1,"Revenue":2473.27,"Invoice_Date":"2017-02-08","Article_Number":"P030PA001","Article_Name":"PACKING","Order_Form_ID":"0e44b241e0fe72c23b2c50005fccb7a7"},{"Customer_Name":"D","Calendar_week":6,"Amount":1.0,"PickAndPay":1,"Revenue":2572.2,"Invoice_Date":"2017-02-08","Article_Number":"P030FR001","Article_Name":"FREIGHT CHARGES","Order_Form_ID":"0e44b241e0fe72c23b2c50005fccb7a7"},{"Customer_Name":"D","Calendar_week":6,"Amount":1.0,"PickAndPay":1,"Revenue":192.37,"Invoice_Date":"2017-02-08","Article_Number":"P030PA001","Article_Name":"PACKING","Order_Form_ID":"b6789a4845ad97fd3e5a5ea19151aaa4"},{"Customer_Name":"D","Calendar_week":6,"Amount":1.0,"PickAndPay":1,"Revenue":1785.15,"Invoice_Date":"2017-02-08","Article_Number":"P030FR001","Article_Name":"FREIGHT CHARGES","Order_Form_ID":"b6789a4845ad97fd3e5a5ea19151aaa4"},{"Customer_Name":"D","Calendar_week":6,"Amount":-1.0,"PickAndPay":1,"Revenue":-192.37,"Invoice_Date":"2017-02-08","Article_Number":"P030PA001","Article_Name":"PACKING","Order_Form_ID":"f5a67c7fd62258694c19927179273e83"},{"Customer_Name":"D","Calendar_week":6,"Amount":-1.0,"PickAndPay":1,"Revenue":-1785.15,"Invoice_Date":"2017-02-08","Article_Number":"P030FR001","Article_Name":"FREIGHT CHARGES","Order_Form_ID":"f5a67c7fd62258694c19927179273e83"},{"Customer_Name":"D","Calendar_week":6,"Amount":-1.0,"PickAndPay":1,"Revenue":-2473.27,"Invoice_Date":"2017-02-08","Article_Number":"P030PA001","Article_Name":"PACKING","Order_Form_ID":"2ca3b8633686ff7f023dd8c70af02bfd"},{"Customer_Name":"D","Calendar_week":6,"Amount":-1.0,"PickAndPay":1,"Revenue":-2572.2,"Invoice_Date":"2017-02-08","Article_Number":"P030FR001","Article_Name":"FREIGHT CHARGES","Order_Form_ID":"2ca3b8633686ff7f023dd8c70af02bfd"},{"Customer_Name":"D","Calendar_week":6,"Amount":1.0,"PickAndPay":1,"Revenue":2473.27,"Invoice_Date":"2017-02-09","Article_Number":"P030PA001","Article_Name":"PACKING","Order_Form_ID":"1c54c767a01bca6f073bd5eb6326d005"},{"Customer_Name":"D","Calendar_week":6,"Amount":1.0,"PickAndPay":1,"Revenue":2572.2,"Invoice_Date":"2017-02-09","Article_Number":"P030FR001","Article_Name":"FREIGHT CHARGES","Order_Form_ID":"1c54c767a01bca6f073bd5eb6326d005"},{"Customer_Name":"D","Calendar_week":6,"Amount":1.0,"PickAndPay":1,"Revenue":192.37,"Invoice_Date":"2017-02-09","Article_Number":"P030PA001","Article_Name":"PACKING","Order_Form_ID":"cae1a936c0f0332d5efabdabaef2169b"},{"Customer_Name":"D","Calendar_week":6,"Amount":1.0,"PickAndPay":1,"Revenue":1785.15,"Invoice_Date":"2017-02-09","Article_Number":"P030FR001","Article_Name":"FREIGHT CHARGES","Order_Form_ID":"cae1a936c0f0332d5efabdabaef2169b"},{"Customer_Name":"D","Calendar_week":6,"Amount":10.0,"PickAndPay":0,"Revenue":2982.77,"Invoice_Date":"2019-02-04","Article_Number":"181300.02","Article_Name":"SEAL D116X99X2","Order_Form_ID":"8b1173af0f73b2e2e5a33ff6879cd8c0"},{"Customer_Name":"D","Calendar_week":6,"Amount":2.0,"PickAndPay":0,"Revenue":8163.72,"Invoice_Date":"2019-02-04","Article_Number":"106826308","Article_Name":"PLATE","Order_Form_ID":"8b1173af0f73b2e2e5a33ff6879cd8c0"},{"Customer_Name":"D","Calendar_week":6,"Amount":6.0,"PickAndPay":0,"Revenue":10398.19,"Invoice_Date":"2019-02-04","Article_Number":"181302","Article_Name":"SEALING RING 89,1X59,7X19,5 MM","Order_Form_ID":"8b1173af0f73b2e2e5a33ff6879cd8c0"},{"Customer_Name":"D","Calendar_week":6,"Amount":6.0,"PickAndPay":0,"Revenue":1496.33,"Invoice_Date":"2019-02-04","Article_Number":"106826390","Article_Name":"HEXAGONAL SCREW 7\/16\"X2 1\/4\"LG.","Order_Form_ID":"8b1173af0f73b2e2e5a33ff6879cd8c0"},{"Customer_Name":"D","Calendar_week":6,"Amount":2.0,"PickAndPay":0,"Revenue":4472.78,"Invoice_Date":"2019-02-04","Article_Number":"106826303","Article_Name":"THRUST PIECE SYPHON 3\/4\"","Order_Form_ID":"8b1173af0f73b2e2e5a33ff6879cd8c0"},{"Customer_Name":"D","Calendar_week":6,"Amount":2.0,"PickAndPay":0,"Revenue":32005.25,"Invoice_Date":"2019-02-04","Article_Number":"181300.14","Article_Name":"NIPPLE J.2504 Q","Order_Form_ID":"8b1173af0f73b2e2e5a33ff6879cd8c0"},{"Customer_Name":"D","Calendar_week":6,"Amount":2.0,"PickAndPay":0,"Revenue":4203.19,"Invoice_Date":"2019-02-04","Article_Number":"102053000","Article_Name":"SEALING WASHER 110X60K6X17","Order_Form_ID":"8b1173af0f73b2e2e5a33ff6879cd8c0"},{"Customer_Name":"D","Calendar_week":6,"Amount":2.0,"PickAndPay":0,"Revenue":519.66,"Invoice_Date":"2019-02-04","Article_Number":"137672","Article_Name":"RADIAL SHAFT SEAL AS 90,0X110X12","Order_Form_ID":"8b1173af0f73b2e2e5a33ff6879cd8c0"},{"Customer_Name":"D","Calendar_week":6,"Amount":2.0,"PickAndPay":0,"Revenue":68812.49,"Invoice_Date":"2019-02-04","Article_Number":"181300","Article_Name":"ROTARY STEAM JOINT R 1 1\/4\"","Order_Form_ID":"8b1173af0f73b2e2e5a33ff6879cd8c0"},{"Customer_Name":"D","Calendar_week":6,"Amount":2.0,"PickAndPay":0,"Revenue":395.72,"Invoice_Date":"2019-02-04","Article_Number":"110991002","Article_Name":"PACKING CHARGES (CARTON) 300X300X200","Order_Form_ID":"8b1173af0f73b2e2e5a33ff6879cd8c0"},{"Customer_Name":"D","Calendar_week":6,"Amount":1.0,"PickAndPay":0,"Revenue":17779.53,"Invoice_Date":"2019-02-04","Article_Number":"106826305","Article_Name":"NIPPLE SYPHON 3\/4\"","Order_Form_ID":"f70bb7fb98d5354b7c7373f0c15adff7"},{"Customer_Name":"D","Calendar_week":6,"Amount":2.0,"PickAndPay":0,"Revenue":28144.19,"Invoice_Date":"2019-02-04","Article_Number":"121010611","Article_Name":"PLATE","Order_Form_ID":"f70bb7fb98d5354b7c7373f0c15adff7"},{"Customer_Name":"D","Calendar_week":6,"Amount":2.0,"PickAndPay":0,"Revenue":1920.36,"Invoice_Date":"2019-02-04","Article_Number":"131672120","Article_Name":"O-RING 50,17X5,33","Order_Form_ID":"f70bb7fb98d5354b7c7373f0c15adff7"},{"Customer_Name":"D","Calendar_week":6,"Amount":1.0,"PickAndPay":0,"Revenue":197.86,"Invoice_Date":"2019-02-04","Article_Number":"110991002","Article_Name":"PACKING CHARGES (CARTON) 300X300X200","Order_Form_ID":"f70bb7fb98d5354b7c7373f0c15adff7"},{"Customer_Name":"D","Calendar_week":6,"Amount":2.0,"PickAndPay":0,"Revenue":15629.71,"Invoice_Date":"2019-02-04","Article_Number":"102816502","Article_Name":"PRESSURE GAUGE 0-100MBAR;R1\/4\"","Order_Form_ID":"86448a9e5116e5ed2b312549ca3676e8"},{"Customer_Name":"D","Calendar_week":6,"Amount":1.0,"PickAndPay":0,"Revenue":197.86,"Invoice_Date":"2019-02-04","Article_Number":"110991000","Article_Name":"PACKING CHARGES (CARTON) 200X200X80","Order_Form_ID":"86448a9e5116e5ed2b312549ca3676e8"},{"Customer_Name":"D","Calendar_week":6,"Amount":100.0,"PickAndPay":0,"Revenue":6937.53,"Invoice_Date":"2019-02-04","Article_Number":"170877","Article_Name":"WIRE 6,0MM GN\/YE","Order_Form_ID":"df40df5840103edb48912906a8ef95f9"},{"Customer_Name":"D","Calendar_week":6,"Amount":1.0,"PickAndPay":0,"Revenue":121.47,"Invoice_Date":"2019-02-04","Article_Number":"178000","Article_Name":"SUPPORT RAIL B=35MM\/H=7,3MM","Order_Form_ID":"df40df5840103edb48912906a8ef95f9"},{"Customer_Name":"D","Calendar_week":6,"Amount":2.0,"PickAndPay":0,"Revenue":476.52,"Invoice_Date":"2019-02-04","Article_Number":"106838103","Article_Name":"SHRINKING HOSE 40 TO 13MM GN\/YE","Order_Form_ID":"df40df5840103edb48912906a8ef95f9"},{"Customer_Name":"D","Calendar_week":6,"Amount":2.0,"PickAndPay":0,"Revenue":96.18,"Invoice_Date":"2019-02-04","Article_Number":"106837900","Article_Name":"SHRINKING HOSE 6 TO 2MM GN\/YE","Order_Form_ID":"df40df5840103edb48912906a8ef95f9"},{"Customer_Name":"D","Calendar_week":6,"Amount":100.0,"PickAndPay":0,"Revenue":42310.0,"Invoice_Date":"2019-02-04","Article_Number":"107440100","Article_Name":"NAP FOIL 120 MM BR\/25 M","Order_Form_ID":"2f259be4a5f25faf4262ffd82aaa5538"},{"Customer_Name":"D","Calendar_week":6,"Amount":1.0,"PickAndPay":0,"Revenue":197.86,"Invoice_Date":"2019-02-04","Article_Number":"110991003","Article_Name":"PACKING CHARGES (CARTON) 360X360X250","Order_Form_ID":"2f259be4a5f25faf4262ffd82aaa5538"},{"Customer_Name":"D","Calendar_week":6,"Amount":1.0,"PickAndPay":1,"Revenue":20964.28,"Invoice_Date":"2019-02-04","Article_Number":"105073700","Article_Name":"KNIFE 2540X30X8 AB2500","Order_Form_ID":"13fa0f936ccf8fec2c9a6bac6fb55fbd"},{"Customer_Name":"D","Calendar_week":6,"Amount":1.0,"PickAndPay":1,"Revenue":20964.28,"Invoice_Date":"2019-02-04","Article_Number":"105073800","Article_Name":"KNIFE 2540X30X8 AB2500","Order_Form_ID":"13fa0f936ccf8fec2c9a6bac6fb55fbd"},{"Customer_Name":"D","Calendar_week":6,"Amount":2.0,"PickAndPay":1,"Revenue":7529.74,"Invoice_Date":"2019-02-04","Article_Number":"199825800","Article_Name":"PERFLU V250 HIGH TEMP 800G 400ML","Order_Form_ID":"13fa0f936ccf8fec2c9a6bac6fb55fbd"},{"Customer_Name":"D","Calendar_week":7,"Amount":2.0,"PickAndPay":0,"Revenue":12192.13,"Invoice_Date":"2019-02-11","Article_Number":"101518602","Article_Name":"CARDAN SHAFT S= 360 X= 90","Order_Form_ID":"8d6e2e9f4465cad1884552fc4d6805a1"},{"Customer_Name":"D","Calendar_week":7,"Amount":1.0,"PickAndPay":0,"Revenue":197.86,"Invoice_Date":"2019-02-11","Article_Number":"118308700","Article_Name":"PACKING CHARGES (CARTON) 330X163X172 MM","Order_Form_ID":"8d6e2e9f4465cad1884552fc4d6805a1"},{"Customer_Name":"D","Calendar_week":7,"Amount":1.0,"PickAndPay":0,"Revenue":56768.75,"Invoice_Date":"2019-02-11","Article_Number":"113903500","Article_Name":"SERVO CONTROLLER BUM 60 12A 3PH 400V","Order_Form_ID":"9f5218692174383a50cf641b0c06f65f"},{"Customer_Name":"D","Calendar_week":7,"Amount":1.0,"PickAndPay":0,"Revenue":197.86,"Invoice_Date":"2019-02-11","Article_Number":"110991004","Article_Name":"PACKING CHARGES (CARTON) 610X410X230","Order_Form_ID":"9f5218692174383a50cf641b0c06f65f"},{"Customer_Name":"D","Calendar_week":7,"Amount":1.0,"PickAndPay":1,"Revenue":957.71,"Invoice_Date":"2019-02-11","Article_Number":"364361","Article_Name":"SCRAPER BLADE 2550X50X0.8","Order_Form_ID":"34a53c3571417605833c3def1d379c54"},{"Customer_Name":"D","Calendar_week":7,"Amount":16.0,"PickAndPay":1,"Revenue":8633.37,"Invoice_Date":"2019-02-11","Article_Number":"104581595","Article_Name":"BRAKE LINING CORRUDUR 64X5X10","Order_Form_ID":"34a53c3571417605833c3def1d379c54"},{"Customer_Name":"D","Calendar_week":7,"Amount":1.0,"PickAndPay":1,"Revenue":2709.61,"Invoice_Date":"2019-02-11","Article_Number":"105407210","Article_Name":"TOOTHED BELT 29,5X 8X 640","Order_Form_ID":"34a53c3571417605833c3def1d379c54"},{"Customer_Name":"D","Calendar_week":7,"Amount":14.0,"PickAndPay":1,"Revenue":235.51,"Invoice_Date":"2019-02-11","Article_Number":"107254210","Article_Name":"FELT 46X35X10MM","Order_Form_ID":"34a53c3571417605833c3def1d379c54"},{"Customer_Name":"D","Calendar_week":7,"Amount":12.0,"PickAndPay":1,"Revenue":5914.42,"Invoice_Date":"2019-02-11","Article_Number":"123052310","Article_Name":"NO-CRUSH-ROLLER 165X65X50","Order_Form_ID":"34a53c3571417605833c3def1d379c54"},{"Customer_Name":"D","Calendar_week":7,"Amount":120.0,"PickAndPay":0,"Revenue":42674.94,"Invoice_Date":"2019-02-11","Article_Number":"139372425","Article_Name":"FRICTION LINING 50MM \/60M","Order_Form_ID":"c6120fd25f2f2eed0760316979406bb7"},{"Customer_Name":"D","Calendar_week":7,"Amount":1.0,"PickAndPay":0,"Revenue":197.86,"Invoice_Date":"2019-02-11","Article_Number":"110991004","Article_Name":"PACKING CHARGES (CARTON) 610X410X230","Order_Form_ID":"c6120fd25f2f2eed0760316979406bb7"},{"Customer_Name":"D","Calendar_week":7,"Amount":1.0,"PickAndPay":0,"Revenue":21766.72,"Invoice_Date":"2019-02-11","Article_Number":"118585130","Article_Name":"OPTIC FIBRE MODULE 4AO","Order_Form_ID":"045e5bc370881b0284bd36ef8f4af1fb"},{"Customer_Name":"D","Calendar_week":7,"Amount":1.0,"PickAndPay":0,"Revenue":197.86,"Invoice_Date":"2019-02-11","Article_Number":"110991001","Article_Name":"PACKING CHARGES (CARTON) 200X200X150","Order_Form_ID":"045e5bc370881b0284bd36ef8f4af1fb"},{"Customer_Name":"D","Calendar_week":7,"Amount":1.0,"PickAndPay":1,"Revenue":164515.22,"Invoice_Date":"2019-02-11","Article_Number":"118027801","Article_Name":"PRESSURE BELT I-QUALITY 2540X 2800","Order_Form_ID":"3579a2dc1a23f79fa80b71546fad9936"},{"Customer_Name":"D","Calendar_week":7,"Amount":32.0,"PickAndPay":0,"Revenue":39966.44,"Invoice_Date":"2019-02-11","Article_Number":"155448002","Article_Name":"BHS-ACTIVE DECALCER 2,5L","Order_Form_ID":"f5971780506b40db0a4721fc56abfe59"},{"Customer_Name":"D","Calendar_week":7,"Amount":5.0,"PickAndPay":0,"Revenue":989.31,"Invoice_Date":"2019-02-11","Article_Number":"110991003","Article_Name":"PACKING CHARGES (CARTON) 360X360X250","Order_Form_ID":"f5971780506b40db0a4721fc56abfe59"},{"Customer_Name":"D","Calendar_week":7,"Amount":1.0,"PickAndPay":0,"Revenue":197.86,"Invoice_Date":"2019-02-11","Article_Number":"110991002","Article_Name":"PACKING CHARGES (CARTON) 300X300X200","Order_Form_ID":"f5971780506b40db0a4721fc56abfe59"},{"Customer_Name":"D","Calendar_week":7,"Amount":1.0,"PickAndPay":0,"Revenue":8663.87,"Invoice_Date":"2019-02-11","Article_Number":"105553900","Article_Name":"DISPLAY 24VDC DIGEM","Order_Form_ID":"393727f362c99f4f2a696885bf5bc1b9"},{"Customer_Name":"D","Calendar_week":7,"Amount":6.0,"PickAndPay":0,"Revenue":25978.43,"Invoice_Date":"2019-02-11","Article_Number":"199825802","Article_Name":"PERFLU H1 HIGH TEMP 0,8KG","Order_Form_ID":"393727f362c99f4f2a696885bf5bc1b9"},{"Customer_Name":"D","Calendar_week":7,"Amount":1.0,"PickAndPay":0,"Revenue":197.86,"Invoice_Date":"2019-02-11","Article_Number":"110991002","Article_Name":"PACKING CHARGES (CARTON) 300X300X200","Order_Form_ID":"393727f362c99f4f2a696885bf5bc1b9"},{"Customer_Name":"D","Calendar_week":7,"Amount":1.0,"PickAndPay":0,"Revenue":59026.02,"Invoice_Date":"2019-02-11","Article_Number":"122675200","Article_Name":"BALL VALVE DN 40\/ PN 40","Order_Form_ID":"27fe1891dc8da97dfef62d0cefce3c65"},{"Customer_Name":"D","Calendar_week":7,"Amount":1.0,"PickAndPay":0,"Revenue":197.86,"Invoice_Date":"2019-02-11","Article_Number":"110991001","Article_Name":"PACKING CHARGES (CARTON) 200X200X150","Order_Form_ID":"27fe1891dc8da97dfef62d0cefce3c65"},{"Customer_Name":"D","Calendar_week":7,"Amount":1.0,"PickAndPay":0,"Revenue":53370.2,"Invoice_Date":"2019-02-11","Article_Number":"103778200","Article_Name":"DYNAMOMETRIC TRANSDUCER","Order_Form_ID":"203792a2a67a29b356e1b20cb2716b6d"},{"Customer_Name":"D","Calendar_week":7,"Amount":1.0,"PickAndPay":0,"Revenue":197.86,"Invoice_Date":"2019-02-11","Article_Number":"110991002","Article_Name":"PACKING CHARGES (CARTON) 300X300X200","Order_Form_ID":"203792a2a67a29b356e1b20cb2716b6d"},{"Customer_Name":"D","Calendar_week":7,"Amount":8.0,"PickAndPay":1,"Revenue":4316.68,"Invoice_Date":"2019-02-11","Article_Number":"104581595","Article_Name":"BRAKE LINING CORRUDUR 64X5X10","Order_Form_ID":"d4a8894246a6739f692185c6c898afab"},{"Customer_Name":"D","Calendar_week":7,"Amount":1.0,"PickAndPay":1,"Revenue":164515.22,"Invoice_Date":"2019-02-11","Article_Number":"118027801","Article_Name":"PRESSURE BELT I-QUALITY 2540X 2800","Order_Form_ID":"d4a8894246a6739f692185c6c898afab"},{"Customer_Name":"D","Calendar_week":7,"Amount":15.0,"PickAndPay":1,"Revenue":252.27,"Invoice_Date":"2019-02-11","Article_Number":"107254210","Article_Name":"FELT 46X35X10MM","Order_Form_ID":"d4a8894246a6739f692185c6c898afab"},{"Customer_Name":"D","Calendar_week":7,"Amount":1.0,"PickAndPay":1,"Revenue":43190.21,"Invoice_Date":"2019-02-11","Article_Number":"105073800","Article_Name":"KNIFE 2540X30X8 AB2500","Order_Form_ID":"d4a8894246a6739f692185c6c898afab"},{"Customer_Name":"D","Calendar_week":7,"Amount":1.0,"PickAndPay":1,"Revenue":43190.21,"Invoice_Date":"2019-02-11","Article_Number":"105073700","Article_Name":"KNIFE 2540X30X8 AB2500","Order_Form_ID":"d4a8894246a6739f692185c6c898afab"},{"Customer_Name":"D","Calendar_week":7,"Amount":1.0,"PickAndPay":1,"Revenue":1004.42,"Invoice_Date":"2019-02-11","Article_Number":"109612501","Article_Name":"SEALING LEDGE 5,5X65X2600","Order_Form_ID":"d4a8894246a6739f692185c6c898afab"},{"Customer_Name":"D","Calendar_week":7,"Amount":1.0,"PickAndPay":1,"Revenue":3319.68,"Invoice_Date":"2019-02-11","Article_Number":"P030FR001","Article_Name":"FREIGHT CHARGES","Order_Form_ID":"a494160f5b217fb17285c10614d009de"},{"Customer_Name":"D","Calendar_week":7,"Amount":1.0,"PickAndPay":0,"Revenue":1059.93,"Invoice_Date":"2019-02-11","Article_Number":"110658300","Article_Name":"TOOTHED BELT WHEEL 5X19X14H7X37","Order_Form_ID":"61a3c09862cadaa7b039985294cba258"},{"Customer_Name":"D","Calendar_week":7,"Amount":1.0,"PickAndPay":0,"Revenue":1855.5,"Invoice_Date":"2019-02-11","Article_Number":"110658100","Article_Name":"TOOTHED BELT WHEEL 5X30X14H7X21","Order_Form_ID":"61a3c09862cadaa7b039985294cba258"},{"Customer_Name":"D","Calendar_week":7,"Amount":1.0,"PickAndPay":0,"Revenue":197.86,"Invoice_Date":"2019-02-11","Article_Number":"110991000","Article_Name":"PACKING CHARGES (CARTON) 200X200X80","Order_Form_ID":"61a3c09862cadaa7b039985294cba258"},{"Customer_Name":"D","Calendar_week":7,"Amount":2.0,"PickAndPay":0,"Revenue":6681.41,"Invoice_Date":"2019-02-11","Article_Number":"101706200","Article_Name":"GAS PRESSURE SPRING D10\/H200\/F 800N","Order_Form_ID":"c7afd1fe881d70bba3a8e976d972b8fe"},{"Customer_Name":"D","Calendar_week":7,"Amount":1.0,"PickAndPay":0,"Revenue":197.86,"Invoice_Date":"2019-02-11","Article_Number":"110991006","Article_Name":"PACKING CHARGES (CARTON) 700X200X200","Order_Form_ID":"c7afd1fe881d70bba3a8e976d972b8fe"},{"Customer_Name":"D","Calendar_week":7,"Amount":1.0,"PickAndPay":0,"Revenue":19133.51,"Invoice_Date":"2019-02-11","Article_Number":"100511200","Article_Name":"PRESSURE CONTROL VALVE G1\/8; 0.1-6 BAR","Order_Form_ID":"c36cc07876edba968f930f3e1af3705b"},{"Customer_Name":"D","Calendar_week":7,"Amount":1.0,"PickAndPay":0,"Revenue":197.86,"Invoice_Date":"2019-02-11","Article_Number":"110991001","Article_Name":"PACKING CHARGES (CARTON) 200X200X150","Order_Form_ID":"c36cc07876edba968f930f3e1af3705b"},{"Customer_Name":"D","Calendar_week":7,"Amount":1.0,"PickAndPay":0,"Revenue":39663.05,"Invoice_Date":"2019-02-11","Article_Number":"109152500","Article_Name":"SERVOMOTOR DS 45 M-4000L 0,94KW","Order_Form_ID":"6093b75ec7aecc423aae240edc0ee85e"},{"Customer_Name":"D","Calendar_week":7,"Amount":1.0,"PickAndPay":0,"Revenue":26360.41,"Invoice_Date":"2019-02-11","Article_Number":"P030FR001","Article_Name":"FREIGHT CHARGES","Order_Form_ID":"6093b75ec7aecc423aae240edc0ee85e"},{"Customer_Name":"D","Calendar_week":7,"Amount":1.0,"PickAndPay":0,"Revenue":5496.16,"Invoice_Date":"2019-02-11","Article_Number":"P030SF002","Article_Name":"EXTRA COSTS SPECIALTRANSTPORT","Order_Form_ID":"6093b75ec7aecc423aae240edc0ee85e"},{"Customer_Name":"D","Calendar_week":7,"Amount":1.0,"PickAndPay":0,"Revenue":42937.39,"Invoice_Date":"2019-02-11","Article_Number":"109152500","Article_Name":"SERVOMOTOR DS 45 M-4000L 0,94KW","Order_Form_ID":"abb9b2d3ccf4e421db472bbe661c12f9"},{"Customer_Name":"D","Calendar_week":7,"Amount":1.0,"PickAndPay":0,"Revenue":197.86,"Invoice_Date":"2019-02-11","Article_Number":"118308700","Article_Name":"PACKING CHARGES (CARTON) 330X163X172 MM","Order_Form_ID":"abb9b2d3ccf4e421db472bbe661c12f9"},{"Customer_Name":"D","Calendar_week":7,"Amount":6.0,"PickAndPay":0,"Revenue":12266.88,"Invoice_Date":"2019-02-11","Article_Number":"105337510","Article_Name":"PROFILED JOINT 20X25X637","Order_Form_ID":"a0bb8487cabfe105640ae10ff1874bd0"},{"Customer_Name":"D","Calendar_week":7,"Amount":6.0,"PickAndPay":0,"Revenue":10012.91,"Invoice_Date":"2019-02-11","Article_Number":"102429200","Article_Name":"SEALING ELEMENT 25X15X638","Order_Form_ID":"a0bb8487cabfe105640ae10ff1874bd0"},{"Customer_Name":"D","Calendar_week":7,"Amount":1.0,"PickAndPay":0,"Revenue":197.86,"Invoice_Date":"2019-02-11","Article_Number":"110991006","Article_Name":"PACKING CHARGES (CARTON) 700X200X200","Order_Form_ID":"a0bb8487cabfe105640ae10ff1874bd0"},{"Customer_Name":"D","Calendar_week":7,"Amount":1.0,"PickAndPay":0,"Revenue":19133.51,"Invoice_Date":"2019-02-11","Article_Number":"100511200","Article_Name":"PRESSURE CONTROL VALVE G1\/8; 0.1-6 BAR","Order_Form_ID":"d64d98facab4e38f8faff952c48f7471"},{"Customer_Name":"D","Calendar_week":7,"Amount":1.0,"PickAndPay":0,"Revenue":197.86,"Invoice_Date":"2019-02-11","Article_Number":"110991001","Article_Name":"PACKING CHARGES (CARTON) 200X200X150","Order_Form_ID":"d64d98facab4e38f8faff952c48f7471"},{"Customer_Name":"D","Calendar_week":7,"Amount":1.0,"PickAndPay":1,"Revenue":2671.13,"Invoice_Date":"2019-02-11","Article_Number":"P030PA001","Article_Name":"PACKING","Order_Form_ID":"f0e45927be86018e26368bebe29570d8"},{"Customer_Name":"D","Calendar_week":7,"Amount":1.0,"PickAndPay":1,"Revenue":3325.18,"Invoice_Date":"2019-02-11","Article_Number":"P030FR001","Article_Name":"FREIGHT CHARGES","Order_Form_ID":"f0e45927be86018e26368bebe29570d8"},{"Customer_Name":"D","Calendar_week":8,"Amount":2.0,"PickAndPay":0,"Revenue":2763.74,"Invoice_Date":"2019-02-19","Article_Number":"184288.01","Article_Name":"SCRAPER BLADE 2565X50X1,2","Order_Form_ID":"0a5561221ab624ad10eeb7d77f6093d7"},{"Customer_Name":"D","Calendar_week":8,"Amount":4.0,"PickAndPay":0,"Revenue":4535.71,"Invoice_Date":"2019-02-19","Article_Number":"553382","Article_Name":"CLAMPING BOLT 20\/12X50","Order_Form_ID":"0a5561221ab624ad10eeb7d77f6093d7"},{"Customer_Name":"D","Calendar_week":8,"Amount":4.0,"PickAndPay":0,"Revenue":2882.19,"Invoice_Date":"2019-02-19","Article_Number":"553374","Article_Name":"SEALING ELEMENT RAD.288.5X260","Order_Form_ID":"0a5561221ab624ad10eeb7d77f6093d7"},{"Customer_Name":"D","Calendar_week":8,"Amount":2.0,"PickAndPay":0,"Revenue":1395.48,"Invoice_Date":"2019-02-19","Article_Number":"553632","Article_Name":"SEALING ELEMENT 5X80X40X2","Order_Form_ID":"0a5561221ab624ad10eeb7d77f6093d7"},{"Customer_Name":"D","Calendar_week":8,"Amount":2.0,"PickAndPay":0,"Revenue":3150.4,"Invoice_Date":"2019-02-19","Article_Number":"553372","Article_Name":"FLAT SPRING 9.5X24X239","Order_Form_ID":"0a5561221ab624ad10eeb7d77f6093d7"},{"Customer_Name":"D","Calendar_week":8,"Amount":4.0,"PickAndPay":0,"Revenue":27705.05,"Invoice_Date":"2019-02-19","Article_Number":"601156.20","Article_Name":"BELLOWS CYLINDER 114-M8 DW 152 MAX-H=21","Order_Form_ID":"0a5561221ab624ad10eeb7d77f6093d7"},{"Customer_Name":"D","Calendar_week":8,"Amount":1.0,"PickAndPay":0,"Revenue":4589.29,"Invoice_Date":"2019-02-19","Article_Number":"512493","Article_Name":"TOOTHED WHEEL Z=28 M=3","Order_Form_ID":"0a5561221ab624ad10eeb7d77f6093d7"},{"Customer_Name":"D","Calendar_week":8,"Amount":1.0,"PickAndPay":0,"Revenue":50218.7,"Invoice_Date":"2019-02-19","Article_Number":"305547","Article_Name":"ECCENTRIC BUSH 162\/110X175X3","Order_Form_ID":"0a5561221ab624ad10eeb7d77f6093d7"},{"Customer_Name":"D","Calendar_week":8,"Amount":1.0,"PickAndPay":0,"Revenue":53016.52,"Invoice_Date":"2019-02-19","Article_Number":"342576","Article_Name":"ECCENTRIC BUSH 162\/110X225X3","Order_Form_ID":"0a5561221ab624ad10eeb7d77f6093d7"},{"Customer_Name":"D","Calendar_week":8,"Amount":2.0,"PickAndPay":0,"Revenue":6998.54,"Invoice_Date":"2019-02-19","Article_Number":"136018","Article_Name":"SELF-ALIGNING ROLLER BEARING 70X125X31","Order_Form_ID":"0a5561221ab624ad10eeb7d77f6093d7"},{"Customer_Name":"D","Calendar_week":8,"Amount":2.0,"PickAndPay":0,"Revenue":165.98,"Invoice_Date":"2019-02-19","Article_Number":"137663","Article_Name":"RADIAL SHAFT SEAL A  80,0X100X10","Order_Form_ID":"0a5561221ab624ad10eeb7d77f6093d7"},{"Customer_Name":"D","Calendar_week":8,"Amount":2.0,"PickAndPay":0,"Revenue":5360.96,"Invoice_Date":"2019-02-19","Article_Number":"136019","Article_Name":"SELF-ALIGNING ROLLER BEARING 60X110X28","Order_Form_ID":"0a5561221ab624ad10eeb7d77f6093d7"},{"Customer_Name":"D","Calendar_week":8,"Amount":1.0,"PickAndPay":0,"Revenue":668.61,"Invoice_Date":"2019-02-19","Article_Number":"135037","Article_Name":"RADIAL BALL BEARING 60X95X18","Order_Form_ID":"0a5561221ab624ad10eeb7d77f6093d7"},{"Customer_Name":"D","Calendar_week":8,"Amount":1.0,"PickAndPay":0,"Revenue":2000.6,"Invoice_Date":"2019-02-19","Article_Number":"135552","Article_Name":"CYLINDRICAL ROLLER BEARING 60X95X18","Order_Form_ID":"0a5561221ab624ad10eeb7d77f6093d7"},{"Customer_Name":"D","Calendar_week":8,"Amount":1.0,"PickAndPay":0,"Revenue":1126.71,"Invoice_Date":"2019-02-19","Article_Number":"110680400","Article_Name":"PACKING CHARGES (PAL-BOX I) 830X580X680","Order_Form_ID":"0a5561221ab624ad10eeb7d77f6093d7"},{"Customer_Name":"D","Calendar_week":8,"Amount":20.0,"PickAndPay":0,"Revenue":5683.31,"Invoice_Date":"2019-02-20","Article_Number":"100868100","Article_Name":"RUBBER PROFILE 18.5X21.5, PACKING UNIT:","Order_Form_ID":"2eab384b6a586f7452cb5d1051250fdb"},{"Customer_Name":"D","Calendar_week":8,"Amount":1.0,"PickAndPay":0,"Revenue":197.86,"Invoice_Date":"2019-02-20","Article_Number":"110991004","Article_Name":"PACKING CHARGES (CARTON) 610X410X230","Order_Form_ID":"2eab384b6a586f7452cb5d1051250fdb"},{"Customer_Name":"D","Calendar_week":8,"Amount":4.0,"PickAndPay":0,"Revenue":43362.51,"Invoice_Date":"2019-02-21","Article_Number":"100561200","Article_Name":"CHAIN WHEEL 20BX14\/75J8X70","Order_Form_ID":"cd372d56e33f79dbe80d8e03c8a4cb3c"},{"Customer_Name":"D","Calendar_week":8,"Amount":1.0,"PickAndPay":0,"Revenue":197.86,"Invoice_Date":"2019-02-21","Article_Number":"110991003","Article_Name":"PACKING CHARGES (CARTON) 360X360X250","Order_Form_ID":"cd372d56e33f79dbe80d8e03c8a4cb3c"},{"Customer_Name":"D","Calendar_week":11,"Amount":6.0,"PickAndPay":0,"Revenue":236997.22,"Invoice_Date":"2019-03-13","Article_Number":"101684311","Article_Name":"BALL SCREW KGT-S-3240X2727","Order_Form_ID":"7a488b9e5436ab31e5a04a112b1c8e62"},{"Customer_Name":"D","Calendar_week":11,"Amount":24.0,"PickAndPay":0,"Revenue":40363.81,"Invoice_Date":"2019-03-13","Article_Number":"136259","Article_Name":"TAPERED ROLLER BEARING 20X42X17","Order_Form_ID":"7a488b9e5436ab31e5a04a112b1c8e62"},{"Customer_Name":"D","Calendar_week":11,"Amount":12.0,"PickAndPay":0,"Revenue":832.39,"Invoice_Date":"2019-03-13","Article_Number":"122482","Article_Name":"GROOVE NUT M20X1,0","Order_Form_ID":"7a488b9e5436ab31e5a04a112b1c8e62"},{"Customer_Name":"D","Calendar_week":11,"Amount":6.0,"PickAndPay":0,"Revenue":103.6,"Invoice_Date":"2019-03-13","Article_Number":"101519700","Article_Name":"KEY A  5X 5X 22","Order_Form_ID":"7a488b9e5436ab31e5a04a112b1c8e62"},{"Customer_Name":"D","Calendar_week":11,"Amount":18.0,"PickAndPay":0,"Revenue":311.08,"Invoice_Date":"2019-03-13","Article_Number":"122865","Article_Name":"DISK 20","Order_Form_ID":"7a488b9e5436ab31e5a04a112b1c8e62"},{"Customer_Name":"D","Calendar_week":11,"Amount":6.0,"PickAndPay":0,"Revenue":416.33,"Invoice_Date":"2019-03-13","Article_Number":"138859","Article_Name":"CONICAL GREASE NIPPLE M6X1,0","Order_Form_ID":"7a488b9e5436ab31e5a04a112b1c8e62"},{"Customer_Name":"D","Calendar_week":11,"Amount":18.0,"PickAndPay":0,"Revenue":34897.88,"Invoice_Date":"2019-03-13","Article_Number":"101509901","Article_Name":"LINEAR BALL BEARING 30\/47\/68","Order_Form_ID":"7a488b9e5436ab31e5a04a112b1c8e62"},{"Customer_Name":"D","Calendar_week":11,"Amount":20.0,"PickAndPay":0,"Revenue":5933.11,"Invoice_Date":"2019-03-13","Article_Number":"115699502","Article_Name":"SHIELDING TERMINAL SK 10-20","Order_Form_ID":"7a488b9e5436ab31e5a04a112b1c8e62"},{"Customer_Name":"D","Calendar_week":11,"Amount":1.0,"PickAndPay":0,"Revenue":9647.14,"Invoice_Date":"2019-03-13","Article_Number":"184660410","Article_Name":"CONVERTER","Order_Form_ID":"7a488b9e5436ab31e5a04a112b1c8e62"},{"Customer_Name":"D","Calendar_week":11,"Amount":1.0,"PickAndPay":0,"Revenue":9647.14,"Invoice_Date":"2019-03-13","Article_Number":"184660410","Article_Name":"CONVERTER","Order_Form_ID":"7a488b9e5436ab31e5a04a112b1c8e62"},{"Customer_Name":"D","Calendar_week":11,"Amount":1.0,"PickAndPay":0,"Revenue":13407.89,"Invoice_Date":"2019-03-13","Article_Number":"109736901","Article_Name":"INTERFACE RS232\/RS422","Order_Form_ID":"7a488b9e5436ab31e5a04a112b1c8e62"},{"Customer_Name":"D","Calendar_week":11,"Amount":40.0,"PickAndPay":0,"Revenue":14295.52,"Invoice_Date":"2019-03-13","Article_Number":"115699501","Article_Name":"TERMINAL SK 4-13,5","Order_Form_ID":"7a488b9e5436ab31e5a04a112b1c8e62"},{"Customer_Name":"D","Calendar_week":11,"Amount":160.0,"PickAndPay":0,"Revenue":2765.67,"Invoice_Date":"2019-03-13","Article_Number":"105447500","Article_Name":"SERRATED LOCK WASHER A 10,5","Order_Form_ID":"7a488b9e5436ab31e5a04a112b1c8e62"},{"Customer_Name":"D","Calendar_week":11,"Amount":60.0,"PickAndPay":0,"Revenue":11352.32,"Invoice_Date":"2019-03-13","Article_Number":"171335","Article_Name":"WIRE 35 MM GN\/GE","Order_Form_ID":"7a488b9e5436ab31e5a04a112b1c8e62"},{"Customer_Name":"D","Calendar_week":11,"Amount":200.0,"PickAndPay":0,"Revenue":3457.09,"Invoice_Date":"2019-03-13","Article_Number":"178509","Article_Name":"CABLE TIE 140*3,6","Order_Form_ID":"7a488b9e5436ab31e5a04a112b1c8e62"},{"Customer_Name":"D","Calendar_week":11,"Amount":10.0,"PickAndPay":0,"Revenue":347.91,"Invoice_Date":"2019-03-13","Article_Number":"248518216","Article_Name":"CABLE TERMINAL 35QMM\/M12","Order_Form_ID":"7a488b9e5436ab31e5a04a112b1c8e62"},{"Customer_Name":"D","Calendar_week":11,"Amount":10.0,"PickAndPay":0,"Revenue":347.91,"Invoice_Date":"2019-03-13","Article_Number":"248518215","Article_Name":"CABLE TERMINAL 35QMM\/M10","Order_Form_ID":"7a488b9e5436ab31e5a04a112b1c8e62"},{"Customer_Name":"D","Calendar_week":11,"Amount":20.0,"PickAndPay":0,"Revenue":7147.76,"Invoice_Date":"2019-03-13","Article_Number":"102780800","Article_Name":"PROTECTIVE CONDUCTOR TERMINAL 35MM-2L","Order_Form_ID":"7a488b9e5436ab31e5a04a112b1c8e62"},{"Customer_Name":"D","Calendar_week":11,"Amount":50.0,"PickAndPay":0,"Revenue":5839.67,"Invoice_Date":"2019-03-13","Article_Number":"102727700","Article_Name":"PROTECTIVE CONDUCTOR TERMINAL","Order_Form_ID":"7a488b9e5436ab31e5a04a112b1c8e62"},{"Customer_Name":"D","Calendar_week":11,"Amount":50.0,"PickAndPay":0,"Revenue":1681.83,"Invoice_Date":"2019-03-13","Article_Number":"166325813","Article_Name":"COVER PLATE 16MM","Order_Form_ID":"7a488b9e5436ab31e5a04a112b1c8e62"},{"Customer_Name":"D","Calendar_week":11,"Amount":100.0,"PickAndPay":0,"Revenue":6937.53,"Invoice_Date":"2019-03-13","Article_Number":"170879","Article_Name":"WIRE 10,0 MM GN\/YE","Order_Form_ID":"7a488b9e5436ab31e5a04a112b1c8e62"},{"Customer_Name":"D","Calendar_week":11,"Amount":50.0,"PickAndPay":0,"Revenue":864.27,"Invoice_Date":"2019-03-13","Article_Number":"106582500","Article_Name":"END SLEEVE FOR STRANDS 6MM","Order_Form_ID":"7a488b9e5436ab31e5a04a112b1c8e62"},{"Customer_Name":"D","Calendar_week":11,"Amount":50.0,"PickAndPay":0,"Revenue":864.27,"Invoice_Date":"2019-03-13","Article_Number":"106582600","Article_Name":"END SLEEVE FOR STRANDS 10-18MM","Order_Form_ID":"7a488b9e5436ab31e5a04a112b1c8e62"},{"Customer_Name":"D","Calendar_week":11,"Amount":50.0,"PickAndPay":0,"Revenue":864.27,"Invoice_Date":"2019-03-13","Article_Number":"106569900","Article_Name":"RING CABLE TERMINAL\/ISOLATED 2,5-6QMM\/M4","Order_Form_ID":"7a488b9e5436ab31e5a04a112b1c8e62"},{"Customer_Name":"D","Calendar_week":11,"Amount":50.0,"PickAndPay":0,"Revenue":58.26,"Invoice_Date":"2019-03-13","Article_Number":"106570100","Article_Name":"CABLE TERMINAL 2,5-6QMM\/M5","Order_Form_ID":"7a488b9e5436ab31e5a04a112b1c8e62"},{"Customer_Name":"D","Calendar_week":11,"Amount":50.0,"PickAndPay":0,"Revenue":934.35,"Invoice_Date":"2019-03-13","Article_Number":"248518202","Article_Name":"CABLE TERMINAL 10QMM\/M8","Order_Form_ID":"7a488b9e5436ab31e5a04a112b1c8e62"},{"Customer_Name":"D","Calendar_week":11,"Amount":1.0,"PickAndPay":0,"Revenue":121.47,"Invoice_Date":"2019-03-13","Article_Number":"178000","Article_Name":"SUPPORT RAIL B=35MM\/H=7,3MM","Order_Form_ID":"7a488b9e5436ab31e5a04a112b1c8e62"},{"Customer_Name":"D","Calendar_week":11,"Amount":30.0,"PickAndPay":0,"Revenue":518.56,"Invoice_Date":"2019-03-13","Article_Number":"134672500","Article_Name":"CHEESE-HEAD SCREW M5X10","Order_Form_ID":"7a488b9e5436ab31e5a04a112b1c8e62"},{"Customer_Name":"D","Calendar_week":11,"Amount":30.0,"PickAndPay":0,"Revenue":1387.51,"Invoice_Date":"2019-03-13","Article_Number":"109594000","Article_Name":"CHEESE-HEAD SCREW M4X8","Order_Form_ID":"7a488b9e5436ab31e5a04a112b1c8e62"},{"Customer_Name":"D","Calendar_week":11,"Amount":6.0,"PickAndPay":0,"Revenue":2803.04,"Invoice_Date":"2019-03-13","Article_Number":"171048","Article_Name":"RAIL ERDUNGSSCHIENE 2*","Order_Form_ID":"7a488b9e5436ab31e5a04a112b1c8e62"},{"Customer_Name":"D","Calendar_week":11,"Amount":15.0,"PickAndPay":0,"Revenue":15767.11,"Invoice_Date":"2019-03-13","Article_Number":"171047","Article_Name":"SCREW M10X56","Order_Form_ID":"7a488b9e5436ab31e5a04a112b1c8e62"},{"Customer_Name":"D","Calendar_week":11,"Amount":3.0,"PickAndPay":0,"Revenue":350.38,"Invoice_Date":"2019-03-13","Article_Number":"106838000","Article_Name":"SHRINKING HOSE 18 AUF 6MM","Order_Form_ID":"7a488b9e5436ab31e5a04a112b1c8e62"},{"Customer_Name":"D","Calendar_week":11,"Amount":1.0,"PickAndPay":0,"Revenue":412.21,"Invoice_Date":"2019-03-13","Article_Number":"V00000019","Article_Name":"PACKING CHARGES (EUR-PALLET) 1200X800X14","Order_Form_ID":"7a488b9e5436ab31e5a04a112b1c8e62"},{"Customer_Name":"D","Calendar_week":11,"Amount":1.0,"PickAndPay":0,"Revenue":26648.96,"Invoice_Date":"2019-03-13","Article_Number":"P030FR001","Article_Name":"FREIGHT CHARGES","Order_Form_ID":"7a488b9e5436ab31e5a04a112b1c8e62"},{"Customer_Name":"D","Calendar_week":11,"Amount":-1.0,"PickAndPay":1,"Revenue":-20964.28,"Invoice_Date":"2019-03-13","Article_Number":"105073700","Article_Name":"KNIFE 2540X30X8 AB2500","Order_Form_ID":"cd3a5707db9b57ca8489254f78b07b9d"},{"Customer_Name":"D","Calendar_week":11,"Amount":-1.0,"PickAndPay":1,"Revenue":-20964.28,"Invoice_Date":"2019-03-13","Article_Number":"105073800","Article_Name":"KNIFE 2540X30X8 AB2500","Order_Form_ID":"cd3a5707db9b57ca8489254f78b07b9d"},{"Customer_Name":"D","Calendar_week":11,"Amount":-2.0,"PickAndPay":1,"Revenue":-7529.74,"Invoice_Date":"2019-03-13","Article_Number":"199825800","Article_Name":"PERFLU V250 HIGH TEMP 800G 400ML","Order_Form_ID":"cd3a5707db9b57ca8489254f78b07b9d"},{"Customer_Name":"D","Calendar_week":11,"Amount":1.0,"PickAndPay":1,"Revenue":3247.68,"Invoice_Date":"2019-03-13","Article_Number":"P030FR001","Article_Name":"FREIGHT CHARGES","Order_Form_ID":"0c24b1b6cd203ddd08a46e071bf0d047"},{"Customer_Name":"D","Calendar_week":11,"Amount":1.0,"PickAndPay":1,"Revenue":20964.28,"Invoice_Date":"2019-03-13","Article_Number":"105073700","Article_Name":"KNIFE 2540X30X8 AB2500","Order_Form_ID":"bf2193034c3789ad263a2a699eb76049"},{"Customer_Name":"D","Calendar_week":11,"Amount":1.0,"PickAndPay":1,"Revenue":20964.28,"Invoice_Date":"2019-03-13","Article_Number":"105073800","Article_Name":"KNIFE 2540X30X8 AB2500","Order_Form_ID":"bf2193034c3789ad263a2a699eb76049"},{"Customer_Name":"D","Calendar_week":11,"Amount":2.0,"PickAndPay":1,"Revenue":7529.74,"Invoice_Date":"2019-03-13","Article_Number":"199825800","Article_Name":"PERFLU V250 HIGH TEMP 800G 400ML","Order_Form_ID":"bf2193034c3789ad263a2a699eb76049"},{"Customer_Name":"D","Calendar_week":13,"Amount":1.0,"PickAndPay":0,"Revenue":53140.18,"Invoice_Date":"2019-03-27","Article_Number":"103778200","Article_Name":"DYNAMOMETRIC TRANSDUCER","Order_Form_ID":"6e907cfef8f66b1272114a31609694a9"},{"Customer_Name":"D","Calendar_week":13,"Amount":1.0,"PickAndPay":0,"Revenue":197.86,"Invoice_Date":"2019-03-27","Article_Number":"110991002","Article_Name":"PACKING CHARGES (CARTON) 300X300X200","Order_Form_ID":"6e907cfef8f66b1272114a31609694a9"},{"Customer_Name":"D","Calendar_week":13,"Amount":6.0,"PickAndPay":0,"Revenue":11502.37,"Invoice_Date":"2019-03-27","Article_Number":"181302","Article_Name":"SEALING RING 89,1X59,7X19,5 MM","Order_Form_ID":"3b47806da08dfb682b87962498842d29"},{"Customer_Name":"D","Calendar_week":13,"Amount":6.0,"PickAndPay":0,"Revenue":5788.56,"Invoice_Date":"2019-03-27","Article_Number":"131672120","Article_Name":"O-RING 50,17X5,33","Order_Form_ID":"3b47806da08dfb682b87962498842d29"},{"Customer_Name":"D","Calendar_week":13,"Amount":4.0,"PickAndPay":0,"Revenue":11403.44,"Invoice_Date":"2019-03-27","Article_Number":"105407210","Article_Name":"TOOTHED BELT 29,5X 8X 640","Order_Form_ID":"3b47806da08dfb682b87962498842d29"},{"Customer_Name":"D","Calendar_week":13,"Amount":1.0,"PickAndPay":0,"Revenue":197.86,"Invoice_Date":"2019-03-27","Article_Number":"118308700","Article_Name":"PACKING CHARGES (CARTON) 330X163X172 MM","Order_Form_ID":"3b47806da08dfb682b87962498842d29"},{"Customer_Name":"D","Calendar_week":13,"Amount":1.0,"PickAndPay":0,"Revenue":11932.72,"Invoice_Date":"2019-03-28","Article_Number":"508767","Article_Name":"SPUR WHEEL 1X95\/20X18","Order_Form_ID":"e4a83fbc8ce3510948e83224f74f78ee"},{"Customer_Name":"D","Calendar_week":13,"Amount":1.0,"PickAndPay":0,"Revenue":197.86,"Invoice_Date":"2019-03-28","Article_Number":"110991000","Article_Name":"PACKING CHARGES (CARTON) 200X200X80","Order_Form_ID":"e4a83fbc8ce3510948e83224f74f78ee"},{"Customer_Name":"D","Calendar_week":13,"Amount":1.0,"PickAndPay":0,"Revenue":5906.17,"Invoice_Date":"2019-03-29","Article_Number":"508766","Article_Name":"SPUR WHEEL 1X13\/6X18","Order_Form_ID":"fd4a0738ae75b18ae7b4ff8879800234"},{"Customer_Name":"D","Calendar_week":13,"Amount":1.0,"PickAndPay":0,"Revenue":197.86,"Invoice_Date":"2019-03-29","Article_Number":"110991000","Article_Name":"PACKING CHARGES (CARTON) 200X200X80","Order_Form_ID":"fd4a0738ae75b18ae7b4ff8879800234"},{"Customer_Name":"D","Calendar_week":15,"Amount":1.0,"PickAndPay":1,"Revenue":1424.88,"Invoice_Date":"2019-04-08","Article_Number":"111125199","Article_Name":"GLUE DAM JOINT 3X128X197","Order_Form_ID":"640b49f261761cd26264886f0eb7833b"},{"Customer_Name":"D","Calendar_week":15,"Amount":1.0,"PickAndPay":1,"Revenue":1424.88,"Invoice_Date":"2019-04-08","Article_Number":"111125198","Article_Name":"GLUE DAM JOINT 3X128X197","Order_Form_ID":"640b49f261761cd26264886f0eb7833b"},{"Customer_Name":"D","Calendar_week":15,"Amount":2.0,"PickAndPay":1,"Revenue":3130.06,"Invoice_Date":"2019-04-08","Article_Number":"111125301","Article_Name":"GLUE DAM JOINT 3X260X220","Order_Form_ID":"640b49f261761cd26264886f0eb7833b"},{"Customer_Name":"D","Calendar_week":15,"Amount":14.0,"PickAndPay":1,"Revenue":235.51,"Invoice_Date":"2019-04-08","Article_Number":"107254210","Article_Name":"FELT 46X35X10MM","Order_Form_ID":"640b49f261761cd26264886f0eb7833b"},{"Customer_Name":"D","Calendar_week":15,"Amount":1.0,"PickAndPay":1,"Revenue":2709.61,"Invoice_Date":"2019-04-08","Article_Number":"105407210","Article_Name":"TOOTHED BELT 29,5X 8X 640","Order_Form_ID":"640b49f261761cd26264886f0eb7833b"},{"Customer_Name":"D","Calendar_week":15,"Amount":2.0,"PickAndPay":0,"Revenue":6075.73,"Invoice_Date":"2019-04-12","Article_Number":"139530","Article_Name":"STEAM HOSE 1 1\/4\"X450 DN32","Order_Form_ID":"fa484e88eb8aefa5983807af364a89f8"},{"Customer_Name":"D","Calendar_week":15,"Amount":1.0,"PickAndPay":0,"Revenue":11824.17,"Invoice_Date":"2019-04-12","Article_Number":"108214400","Article_Name":"V-BELT, CORDED L=3493","Order_Form_ID":"fa484e88eb8aefa5983807af364a89f8"},{"Customer_Name":"D","Calendar_week":15,"Amount":1.0,"PickAndPay":0,"Revenue":197.86,"Invoice_Date":"2019-04-12","Article_Number":"110991004","Article_Name":"PACKING CHARGES (CARTON) 610X410X230","Order_Form_ID":"fa484e88eb8aefa5983807af364a89f8"},{"Customer_Name":"D","Calendar_week":20,"Amount":1.0,"PickAndPay":1,"Revenue":183435.75,"Invoice_Date":"2019-05-13","Article_Number":"118027801","Article_Name":"PRESSURE BELT I-QUALITY 2540X 2800","Order_Form_ID":"a9c5c0137099a7680d08090b5f18f7c1"},{"Customer_Name":"D","Calendar_week":20,"Amount":1.0,"PickAndPay":1,"Revenue":20964.28,"Invoice_Date":"2019-05-13","Article_Number":"105073700","Article_Name":"KNIFE 2540X30X8 AB2500","Order_Form_ID":"a9c5c0137099a7680d08090b5f18f7c1"},{"Customer_Name":"D","Calendar_week":20,"Amount":1.0,"PickAndPay":1,"Revenue":20964.28,"Invoice_Date":"2019-05-13","Article_Number":"105073800","Article_Name":"KNIFE 2540X30X8 AB2500","Order_Form_ID":"a9c5c0137099a7680d08090b5f18f7c1"},{"Customer_Name":"D","Calendar_week":20,"Amount":86.0,"PickAndPay":1,"Revenue":1486.44,"Invoice_Date":"2019-05-13","Article_Number":"177592300","Article_Name":"PLATE SPRING 8,4X15X2","Order_Form_ID":"a9c5c0137099a7680d08090b5f18f7c1"},{"Customer_Name":"D","Calendar_week":20,"Amount":86.0,"PickAndPay":1,"Revenue":1486.44,"Invoice_Date":"2019-05-13","Article_Number":"100441800","Article_Name":"SUPPORTING PLATE S 10X16X1,2","Order_Form_ID":"a9c5c0137099a7680d08090b5f18f7c1"},{"Customer_Name":"D","Calendar_week":20,"Amount":86.0,"PickAndPay":1,"Revenue":1486.44,"Invoice_Date":"2019-05-13","Article_Number":"191757201","Article_Name":"LENS HEAD SCREW M8X25","Order_Form_ID":"a9c5c0137099a7680d08090b5f18f7c1"},{"Customer_Name":"D","Calendar_week":20,"Amount":8.0,"PickAndPay":1,"Revenue":138.23,"Invoice_Date":"2019-05-13","Article_Number":"191757200","Article_Name":"LENS HEAD SCREW M8X16","Order_Form_ID":"a9c5c0137099a7680d08090b5f18f7c1"},{"Customer_Name":"D","Calendar_week":20,"Amount":2.0,"PickAndPay":1,"Revenue":2896.48,"Invoice_Date":"2019-05-13","Article_Number":"102429200","Article_Name":"SEALING ELEMENT 25X15X638","Order_Form_ID":"a9c5c0137099a7680d08090b5f18f7c1"},{"Customer_Name":"D","Calendar_week":20,"Amount":1.0,"PickAndPay":1,"Revenue":957.71,"Invoice_Date":"2019-05-13","Article_Number":"364361","Article_Name":"SCRAPER BLADE 2550X50X0.8","Order_Form_ID":"a9c5c0137099a7680d08090b5f18f7c1"},{"Customer_Name":"D","Calendar_week":20,"Amount":1.0,"PickAndPay":1,"Revenue":1424.88,"Invoice_Date":"2019-05-13","Article_Number":"111125198","Article_Name":"GLUE DAM JOINT 3X128X197","Order_Form_ID":"a9c5c0137099a7680d08090b5f18f7c1"},{"Customer_Name":"D","Calendar_week":20,"Amount":1.0,"PickAndPay":1,"Revenue":1424.88,"Invoice_Date":"2019-05-13","Article_Number":"111125199","Article_Name":"GLUE DAM JOINT 3X128X197","Order_Form_ID":"a9c5c0137099a7680d08090b5f18f7c1"},{"Customer_Name":"D","Calendar_week":20,"Amount":2.0,"PickAndPay":1,"Revenue":3130.06,"Invoice_Date":"2019-05-13","Article_Number":"111125301","Article_Name":"GLUE DAM JOINT 3X260X220","Order_Form_ID":"a9c5c0137099a7680d08090b5f18f7c1"},{"Customer_Name":"D","Calendar_week":20,"Amount":1.0,"PickAndPay":1,"Revenue":2709.61,"Invoice_Date":"2019-05-13","Article_Number":"105407210","Article_Name":"TOOTHED BELT 29,5X 8X 640","Order_Form_ID":"a9c5c0137099a7680d08090b5f18f7c1"},{"Customer_Name":"D","Calendar_week":20,"Amount":14.0,"PickAndPay":1,"Revenue":235.51,"Invoice_Date":"2019-05-13","Article_Number":"107254210","Article_Name":"FELT 46X35X10MM","Order_Form_ID":"a9c5c0137099a7680d08090b5f18f7c1"},{"Customer_Name":"D","Calendar_week":21,"Amount":-1.0,"PickAndPay":1,"Revenue":-183435.75,"Invoice_Date":"2019-05-20","Article_Number":"118027801","Article_Name":"PRESSURE BELT I-QUALITY 2540X 2800","Order_Form_ID":"4fd155fd1f0b9f0f9e1eb33302faf157"},{"Customer_Name":"D","Calendar_week":21,"Amount":-1.0,"PickAndPay":1,"Revenue":-20964.28,"Invoice_Date":"2019-05-20","Article_Number":"105073700","Article_Name":"KNIFE 2540X30X8 AB2500","Order_Form_ID":"4fd155fd1f0b9f0f9e1eb33302faf157"},{"Customer_Name":"D","Calendar_week":21,"Amount":-1.0,"PickAndPay":1,"Revenue":-20964.28,"Invoice_Date":"2019-05-20","Article_Number":"105073800","Article_Name":"KNIFE 2540X30X8 AB2500","Order_Form_ID":"4fd155fd1f0b9f0f9e1eb33302faf157"},{"Customer_Name":"D","Calendar_week":21,"Amount":-86.0,"PickAndPay":1,"Revenue":-1486.44,"Invoice_Date":"2019-05-20","Article_Number":"177592300","Article_Name":"PLATE SPRING 8,4X15X2","Order_Form_ID":"4fd155fd1f0b9f0f9e1eb33302faf157"},{"Customer_Name":"D","Calendar_week":21,"Amount":-86.0,"PickAndPay":1,"Revenue":-1486.44,"Invoice_Date":"2019-05-20","Article_Number":"100441800","Article_Name":"SUPPORTING PLATE S 10X16X1,2","Order_Form_ID":"4fd155fd1f0b9f0f9e1eb33302faf157"},{"Customer_Name":"D","Calendar_week":21,"Amount":-86.0,"PickAndPay":1,"Revenue":-1486.44,"Invoice_Date":"2019-05-20","Article_Number":"191757201","Article_Name":"LENS HEAD SCREW M8X25","Order_Form_ID":"4fd155fd1f0b9f0f9e1eb33302faf157"},{"Customer_Name":"D","Calendar_week":21,"Amount":-8.0,"PickAndPay":1,"Revenue":-138.23,"Invoice_Date":"2019-05-20","Article_Number":"191757200","Article_Name":"LENS HEAD SCREW M8X16","Order_Form_ID":"4fd155fd1f0b9f0f9e1eb33302faf157"},{"Customer_Name":"D","Calendar_week":21,"Amount":-2.0,"PickAndPay":1,"Revenue":-2896.48,"Invoice_Date":"2019-05-20","Article_Number":"102429200","Article_Name":"SEALING ELEMENT 25X15X638","Order_Form_ID":"4fd155fd1f0b9f0f9e1eb33302faf157"},{"Customer_Name":"D","Calendar_week":21,"Amount":-1.0,"PickAndPay":1,"Revenue":-957.71,"Invoice_Date":"2019-05-20","Article_Number":"364361","Article_Name":"SCRAPER BLADE 2550X50X0.8","Order_Form_ID":"4fd155fd1f0b9f0f9e1eb33302faf157"},{"Customer_Name":"D","Calendar_week":21,"Amount":-1.0,"PickAndPay":1,"Revenue":-1424.88,"Invoice_Date":"2019-05-20","Article_Number":"111125198","Article_Name":"GLUE DAM JOINT 3X128X197","Order_Form_ID":"4fd155fd1f0b9f0f9e1eb33302faf157"},{"Customer_Name":"D","Calendar_week":21,"Amount":-1.0,"PickAndPay":1,"Revenue":-1424.88,"Invoice_Date":"2019-05-20","Article_Number":"111125199","Article_Name":"GLUE DAM JOINT 3X128X197","Order_Form_ID":"4fd155fd1f0b9f0f9e1eb33302faf157"},{"Customer_Name":"D","Calendar_week":21,"Amount":-2.0,"PickAndPay":1,"Revenue":-3130.06,"Invoice_Date":"2019-05-20","Article_Number":"111125301","Article_Name":"GLUE DAM JOINT 3X260X220","Order_Form_ID":"4fd155fd1f0b9f0f9e1eb33302faf157"},{"Customer_Name":"D","Calendar_week":21,"Amount":-1.0,"PickAndPay":1,"Revenue":-2709.61,"Invoice_Date":"2019-05-20","Article_Number":"105407210","Article_Name":"TOOTHED BELT 29,5X 8X 640","Order_Form_ID":"4fd155fd1f0b9f0f9e1eb33302faf157"},{"Customer_Name":"D","Calendar_week":21,"Amount":-14.0,"PickAndPay":1,"Revenue":-235.51,"Invoice_Date":"2019-05-20","Article_Number":"107254210","Article_Name":"FELT 46X35X10MM","Order_Form_ID":"4fd155fd1f0b9f0f9e1eb33302faf157"},{"Customer_Name":"D","Calendar_week":23,"Amount":14.0,"PickAndPay":1,"Revenue":235.51,"Invoice_Date":"2019-06-05","Article_Number":"107254210","Article_Name":"FELT 46X35X10MM","Order_Form_ID":"fb5731c390fa78f089822e878e3c1a2d"},{"Customer_Name":"D","Calendar_week":23,"Amount":1.0,"PickAndPay":1,"Revenue":183435.75,"Invoice_Date":"2019-06-05","Article_Number":"118027801","Article_Name":"PRESSURE BELT I-QUALITY 2540X 2800","Order_Form_ID":"fb5731c390fa78f089822e878e3c1a2d"},{"Customer_Name":"D","Calendar_week":23,"Amount":10.0,"PickAndPay":1,"Revenue":1588.39,"Invoice_Date":"2019-06-05","Article_Number":"103101000","Article_Name":"PLASTIC PLATE 60X6X180","Order_Form_ID":"fb5731c390fa78f089822e878e3c1a2d"},{"Customer_Name":"D","Calendar_week":24,"Amount":2.0,"PickAndPay":0,"Revenue":3643.95,"Invoice_Date":"2019-06-13","Article_Number":"136259.10","Article_Name":"RADIAL ANGULAR BALL BEARING 20X42X34","Order_Form_ID":"678035c06654596a4183c1af321b53f3"},{"Customer_Name":"D","Calendar_week":24,"Amount":2.0,"PickAndPay":0,"Revenue":138.78,"Invoice_Date":"2019-06-13","Article_Number":"122482","Article_Name":"GROOVE NUT M20X1,0","Order_Form_ID":"678035c06654596a4183c1af321b53f3"},{"Customer_Name":"D","Calendar_week":24,"Amount":1.0,"PickAndPay":0,"Revenue":8806.22,"Invoice_Date":"2019-06-13","Article_Number":"101684397","Article_Name":"SPINDLE NUT 32\/40","Order_Form_ID":"678035c06654596a4183c1af321b53f3"}]}