{"data":[{"Customer_Name":"A","Calendar_week":3,"Amount":40.0,"PickAndPay":0,"Revenue":21905.23,"Invoice_Date":"2016-01-20","Article_Number":"107833901","Article_Name":"HYSYN V32 FOOD H1 20L","Order_Form_ID":"121677bf37ee1d49f2b8c8130782f010"},{"Customer_Name":"A","Calendar_week":3,"Amount":12.0,"PickAndPay":1,"Revenue":65624.16,"Invoice_Date":"2016-01-22","Article_Number":"105303965","Article_Name":"DISC CUT KNIFE 240X1,2\/0,35MM,20°","Order_Form_ID":"937ab0c19dacc79cd006619b0b2d8fe5"},{"Customer_Name":"A","Calendar_week":6,"Amount":40.0,"PickAndPay":0,"Revenue":21027.76,"Invoice_Date":"2016-02-08","Article_Number":"107833901","Article_Name":"HYSYN V32 FOOD H1 20L","Order_Form_ID":"37640ab8e3337432bd528218154d6bf6"},{"Customer_Name":"A","Calendar_week":8,"Amount":50.0,"PickAndPay":0,"Revenue":40676.54,"Invoice_Date":"2016-02-25","Article_Number":"116904600","Article_Name":"COLOUR FOR BOARD MARKING QUAL.NR.7100-93","Order_Form_ID":"e7881d01cb9dd52b91d1f441dfddae15"},{"Customer_Name":"A","Calendar_week":10,"Amount":2.0,"PickAndPay":0,"Revenue":4817.39,"Invoice_Date":"2016-03-11","Article_Number":"101706100","Article_Name":"LOCK TENSIONER GR.700","Order_Form_ID":"e7f1939e08dc5f24b87eaab0ad64726e"},{"Customer_Name":"A","Calendar_week":10,"Amount":1.0,"PickAndPay":0,"Revenue":192.37,"Invoice_Date":"2016-03-11","Article_Number":"110991000","Article_Name":"PACKING CHARGES (CARTON) 200X200X80","Order_Form_ID":"e7f1939e08dc5f24b87eaab0ad64726e"},{"Customer_Name":"A","Calendar_week":17,"Amount":6.0,"PickAndPay":1,"Revenue":230.84,"Invoice_Date":"2016-04-25","Article_Number":"150011","Article_Name":"FLAT PACKING 3\/4\"\/ 27X38X2","Order_Form_ID":"b48f999af3c21ab1f329cb2ab8741ea2"},{"Customer_Name":"A","Calendar_week":17,"Amount":1.0,"PickAndPay":1,"Revenue":280.3,"Invoice_Date":"2016-04-25","Article_Number":"153532100","Article_Name":"Y-PLUG CONNECTOR D-4","Order_Form_ID":"b48f999af3c21ab1f329cb2ab8741ea2"},{"Customer_Name":"A","Calendar_week":17,"Amount":20.0,"PickAndPay":1,"Revenue":109373.61,"Invoice_Date":"2016-04-25","Article_Number":"105303965","Article_Name":"DISC CUT KNIFE 240X1,2\/0,35MM,20°","Order_Form_ID":"b48f999af3c21ab1f329cb2ab8741ea2"},{"Customer_Name":"A","Calendar_week":17,"Amount":168.0,"PickAndPay":1,"Revenue":3231.74,"Invoice_Date":"2016-04-25","Article_Number":"107254210","Article_Name":"FELT 46X35X10MM","Order_Form_ID":"b48f999af3c21ab1f329cb2ab8741ea2"},{"Customer_Name":"A","Calendar_week":17,"Amount":1.0,"PickAndPay":1,"Revenue":5908.37,"Invoice_Date":"2016-04-25","Article_Number":"103379420","Article_Name":"PROXIMITY SWITCH 10-30V,DC200MA","Order_Form_ID":"b48f999af3c21ab1f329cb2ab8741ea2"},{"Customer_Name":"A","Calendar_week":17,"Amount":1.0,"PickAndPay":1,"Revenue":7145.01,"Invoice_Date":"2016-04-25","Article_Number":"281400020","Article_Name":"MOTOR PROTECTION SWITCH BREITE 22,5MM","Order_Form_ID":"b48f999af3c21ab1f329cb2ab8741ea2"},{"Customer_Name":"A","Calendar_week":18,"Amount":1.0,"PickAndPay":1,"Revenue":192.37,"Invoice_Date":"2016-05-02","Article_Number":"P030PA001","Article_Name":"PACKING","Order_Form_ID":"429109ef0c8324261350df412aaf71ad"},{"Customer_Name":"A","Calendar_week":18,"Amount":1.0,"PickAndPay":1,"Revenue":1209.16,"Invoice_Date":"2016-05-02","Article_Number":"P030FR001","Article_Name":"FREIGHT CHARGES","Order_Form_ID":"429109ef0c8324261350df412aaf71ad"},{"Customer_Name":"A","Calendar_week":18,"Amount":-1.0,"PickAndPay":1,"Revenue":-192.37,"Invoice_Date":"2016-05-02","Article_Number":"P030PA001","Article_Name":"PACKING","Order_Form_ID":"b4b2358e7808321862139c81f8b0a011"},{"Customer_Name":"A","Calendar_week":18,"Amount":-1.0,"PickAndPay":1,"Revenue":-1209.16,"Invoice_Date":"2016-05-02","Article_Number":"P030FR001","Article_Name":"FREIGHT CHARGES","Order_Form_ID":"b4b2358e7808321862139c81f8b0a011"},{"Customer_Name":"A","Calendar_week":18,"Amount":1.0,"PickAndPay":1,"Revenue":192.37,"Invoice_Date":"2016-05-03","Article_Number":"P030PA001","Article_Name":"PACKING","Order_Form_ID":"18c21045b713b2007a115084efa2a2f8"},{"Customer_Name":"A","Calendar_week":18,"Amount":1.0,"PickAndPay":1,"Revenue":1209.16,"Invoice_Date":"2016-05-03","Article_Number":"P030FR001","Article_Name":"FREIGHT CHARGES","Order_Form_ID":"18c21045b713b2007a115084efa2a2f8"},{"Customer_Name":"A","Calendar_week":21,"Amount":10.0,"PickAndPay":0,"Revenue":26127.38,"Invoice_Date":"2016-05-24","Article_Number":"100335702","Article_Name":"BACOMIN V42-50 UNIVERSAL 400ML","Order_Form_ID":"82b775a74843c4c213280d9e784314df"},{"Customer_Name":"A","Calendar_week":21,"Amount":1.0,"PickAndPay":0,"Revenue":192.37,"Invoice_Date":"2016-05-24","Article_Number":"110991002","Article_Name":"PACKING CHARGES (CARTON) 300X300X200","Order_Form_ID":"82b775a74843c4c213280d9e784314df"},{"Customer_Name":"A","Calendar_week":27,"Amount":2.0,"PickAndPay":1,"Revenue":147626.89,"Invoice_Date":"2016-07-04","Article_Number":"109888055","Article_Name":"KNIFE 2540X30X8 AB2500","Order_Form_ID":"54dc94decc7b4a11d9fba2ad0a8880fb"},{"Customer_Name":"A","Calendar_week":30,"Amount":7.0,"PickAndPay":1,"Revenue":38280.76,"Invoice_Date":"2016-07-25","Article_Number":"105303965","Article_Name":"DISC CUT KNIFE 240X1,2\/0,35MM,20°","Order_Form_ID":"097e647a3e189d1532da809324be892f"},{"Customer_Name":"A","Calendar_week":30,"Amount":1.0,"PickAndPay":1,"Revenue":1291.6,"Invoice_Date":"2016-07-25","Article_Number":"109612502","Article_Name":"SEALING LEDGE 5,5X65X2665","Order_Form_ID":"097e647a3e189d1532da809324be892f"},{"Customer_Name":"A","Calendar_week":30,"Amount":2.0,"PickAndPay":1,"Revenue":5606.08,"Invoice_Date":"2016-07-25","Article_Number":"111125303","Article_Name":"GLUE DAM JOINT 3X260X220","Order_Form_ID":"097e647a3e189d1532da809324be892f"},{"Customer_Name":"A","Calendar_week":30,"Amount":1.0,"PickAndPay":1,"Revenue":1621.37,"Invoice_Date":"2016-07-25","Article_Number":"111125199","Article_Name":"GLUE DAM JOINT 3X128X197","Order_Form_ID":"097e647a3e189d1532da809324be892f"},{"Customer_Name":"A","Calendar_week":30,"Amount":1.0,"PickAndPay":1,"Revenue":1621.37,"Invoice_Date":"2016-07-25","Article_Number":"111125198","Article_Name":"GLUE DAM JOINT 3X128X197","Order_Form_ID":"097e647a3e189d1532da809324be892f"},{"Customer_Name":"A","Calendar_week":35,"Amount":10.0,"PickAndPay":0,"Revenue":5667.09,"Invoice_Date":"2016-08-31","Article_Number":"199902","Article_Name":"CARBON PAPER 195X20,2-FACH","Order_Form_ID":"166029def7609ff8626c642b55585245"},{"Customer_Name":"A","Calendar_week":35,"Amount":1.0,"PickAndPay":0,"Revenue":192.37,"Invoice_Date":"2016-08-31","Article_Number":"110991002","Article_Name":"PACKING CHARGES (CARTON) 300X300X200","Order_Form_ID":"166029def7609ff8626c642b55585245"},{"Customer_Name":"A","Calendar_week":36,"Amount":3.0,"PickAndPay":0,"Revenue":5053.72,"Invoice_Date":"2016-09-08","Article_Number":"111125198","Article_Name":"GLUE DAM JOINT 3X128X197","Order_Form_ID":"12b45b044d1e8a7aa09210f72c9bce5f"},{"Customer_Name":"A","Calendar_week":36,"Amount":3.0,"PickAndPay":0,"Revenue":5033.38,"Invoice_Date":"2016-09-08","Article_Number":"111125199","Article_Name":"GLUE DAM JOINT 3X128X197","Order_Form_ID":"12b45b044d1e8a7aa09210f72c9bce5f"},{"Customer_Name":"A","Calendar_week":36,"Amount":4.0,"PickAndPay":0,"Revenue":11923.65,"Invoice_Date":"2016-09-08","Article_Number":"111125303","Article_Name":"GLUE DAM JOINT 3X260X220","Order_Form_ID":"12b45b044d1e8a7aa09210f72c9bce5f"},{"Customer_Name":"A","Calendar_week":36,"Amount":1.0,"PickAndPay":0,"Revenue":192.37,"Invoice_Date":"2016-09-08","Article_Number":"118308700","Article_Name":"PACKING CHARGES (CARTON) 330X163X172 MM","Order_Form_ID":"12b45b044d1e8a7aa09210f72c9bce5f"},{"Customer_Name":"A","Calendar_week":37,"Amount":10.0,"PickAndPay":0,"Revenue":3957.24,"Invoice_Date":"2016-09-14","Article_Number":"199902","Article_Name":"CARBON PAPER 195X20,2-FACH","Order_Form_ID":"d3c8e9a085d4339cb9ce0badb63ef6b1"},{"Customer_Name":"A","Calendar_week":37,"Amount":1.0,"PickAndPay":0,"Revenue":1709.86,"Invoice_Date":"2016-09-14","Article_Number":"P030FR001","Article_Name":"FREIGHT CHARGES","Order_Form_ID":"d3c8e9a085d4339cb9ce0badb63ef6b1"},{"Customer_Name":"A","Calendar_week":37,"Amount":1.0,"PickAndPay":0,"Revenue":192.37,"Invoice_Date":"2016-09-14","Article_Number":"P030PA001","Article_Name":"PACKING","Order_Form_ID":"d3c8e9a085d4339cb9ce0badb63ef6b1"},{"Customer_Name":"A","Calendar_week":37,"Amount":-10.0,"PickAndPay":0,"Revenue":-3957.24,"Invoice_Date":"2016-09-14","Article_Number":"199902","Article_Name":"CARBON PAPER 195X20,2-FACH","Order_Form_ID":"5509047cc50b61ed017e59050553422f"},{"Customer_Name":"A","Calendar_week":37,"Amount":-1.0,"PickAndPay":0,"Revenue":-1709.86,"Invoice_Date":"2016-09-14","Article_Number":"P030FR001","Article_Name":"FREIGHT CHARGES","Order_Form_ID":"5509047cc50b61ed017e59050553422f"},{"Customer_Name":"A","Calendar_week":37,"Amount":-1.0,"PickAndPay":0,"Revenue":-192.37,"Invoice_Date":"2016-09-14","Article_Number":"P030PA001","Article_Name":"PACKING","Order_Form_ID":"5509047cc50b61ed017e59050553422f"},{"Customer_Name":"A","Calendar_week":37,"Amount":10.0,"PickAndPay":0,"Revenue":3957.24,"Invoice_Date":"2016-09-14","Article_Number":"199902","Article_Name":"CARBON PAPER 195X20,2-FACH","Order_Form_ID":"ed0f735ddf2e20366fd60c1a586c0365"},{"Customer_Name":"A","Calendar_week":37,"Amount":1.0,"PickAndPay":0,"Revenue":1709.86,"Invoice_Date":"2016-09-14","Article_Number":"P030FR001","Article_Name":"FREIGHT CHARGES","Order_Form_ID":"ed0f735ddf2e20366fd60c1a586c0365"},{"Customer_Name":"A","Calendar_week":37,"Amount":1.0,"PickAndPay":0,"Revenue":192.37,"Invoice_Date":"2016-09-14","Article_Number":"P030PA001","Article_Name":"PACKING","Order_Form_ID":"ed0f735ddf2e20366fd60c1a586c0365"},{"Customer_Name":"A","Calendar_week":38,"Amount":10.0,"PickAndPay":0,"Revenue":39268.97,"Invoice_Date":"2016-09-19","Article_Number":"511387.01","Article_Name":"BRUSH 2,0X400X510","Order_Form_ID":"99606058cb30c10a19f8c6ecd9e6960e"},{"Customer_Name":"A","Calendar_week":38,"Amount":10.0,"PickAndPay":0,"Revenue":29124.71,"Invoice_Date":"2016-09-19","Article_Number":"102955404","Article_Name":"BRUSH 1,0X300X510","Order_Form_ID":"99606058cb30c10a19f8c6ecd9e6960e"},{"Customer_Name":"A","Calendar_week":38,"Amount":10.0,"PickAndPay":0,"Revenue":67838.29,"Invoice_Date":"2016-09-19","Article_Number":"206103704","Article_Name":"BRUSH 1,5X250X510","Order_Form_ID":"99606058cb30c10a19f8c6ecd9e6960e"},{"Customer_Name":"A","Calendar_week":38,"Amount":1.0,"PickAndPay":0,"Revenue":1099.23,"Invoice_Date":"2016-09-19","Article_Number":"110680400","Article_Name":"PACKING CHARGES (PAL-BOX I) 830X580X680","Order_Form_ID":"99606058cb30c10a19f8c6ecd9e6960e"},{"Customer_Name":"A","Calendar_week":38,"Amount":10.0,"PickAndPay":0,"Revenue":26325.24,"Invoice_Date":"2016-09-20","Article_Number":"100335700","Article_Name":"BACOMIN V42-50 UNIVERSAL 500ML\/BACOMIN V","Order_Form_ID":"0d7beed9e0112dc0af409ce6e6c20cca"},{"Customer_Name":"A","Calendar_week":38,"Amount":1.0,"PickAndPay":0,"Revenue":192.37,"Invoice_Date":"2016-09-20","Article_Number":"V00000025","Article_Name":"PACKING CHARGES (CARTON)","Order_Form_ID":"0d7beed9e0112dc0af409ce6e6c20cca"},{"Customer_Name":"A","Calendar_week":38,"Amount":3.0,"PickAndPay":0,"Revenue":3938.0,"Invoice_Date":"2016-09-21","Article_Number":"127811060","Article_Name":"MODULE S7\/ET200S\/4DO DC24V\/0,5A","Order_Form_ID":"94800d947ba4b60722b2f935a6a5bd60"},{"Customer_Name":"A","Calendar_week":38,"Amount":1.0,"PickAndPay":0,"Revenue":192.37,"Invoice_Date":"2016-09-21","Article_Number":"110991000","Article_Name":"PACKING CHARGES (CARTON) 200X200X80","Order_Form_ID":"94800d947ba4b60722b2f935a6a5bd60"},{"Customer_Name":"A","Calendar_week":38,"Amount":6.0,"PickAndPay":0,"Revenue":5336.22,"Invoice_Date":"2016-09-23","Article_Number":"127811050","Article_Name":"MODULE S7\/ET200S\/4DI DC24V","Order_Form_ID":"f1574569db97885e9910e915ba5a046c"},{"Customer_Name":"A","Calendar_week":38,"Amount":6.0,"PickAndPay":0,"Revenue":3097.64,"Invoice_Date":"2016-09-23","Article_Number":"127811032","Article_Name":"MODULE 2*6 KLEMMEN","Order_Form_ID":"f1574569db97885e9910e915ba5a046c"},{"Customer_Name":"A","Calendar_week":38,"Amount":1.0,"PickAndPay":0,"Revenue":192.37,"Invoice_Date":"2016-09-23","Article_Number":"118308700","Article_Name":"PACKING CHARGES (CARTON) 330X163X172 MM","Order_Form_ID":"f1574569db97885e9910e915ba5a046c"},{"Customer_Name":"A","Calendar_week":39,"Amount":-10.0,"PickAndPay":0,"Revenue":-3957.24,"Invoice_Date":"2016-09-27","Article_Number":"199902","Article_Name":"CARBON PAPER 195X20,2-FACH","Order_Form_ID":"44f704716e6b9bffc3c3ddf06a2df4b0"},{"Customer_Name":"A","Calendar_week":39,"Amount":-1.0,"PickAndPay":0,"Revenue":-192.37,"Invoice_Date":"2016-09-27","Article_Number":"110991002","Article_Name":"PACKING CHARGES (CARTON) 300X300X200","Order_Form_ID":"44f704716e6b9bffc3c3ddf06a2df4b0"},{"Customer_Name":"A","Calendar_week":39,"Amount":-1.0,"PickAndPay":0,"Revenue":-1709.86,"Invoice_Date":"2016-09-27","Article_Number":"P030FR001","Article_Name":"FREIGHT CHARGES","Order_Form_ID":"44f704716e6b9bffc3c3ddf06a2df4b0"},{"Customer_Name":"A","Calendar_week":40,"Amount":6.0,"PickAndPay":0,"Revenue":15680.82,"Invoice_Date":"2016-10-05","Article_Number":"137130","Article_Name":"FLANGED BEARING WITH FOUR HOLES 45X155X4","Order_Form_ID":"402e187a811515697ecd743a091d40e3"},{"Customer_Name":"A","Calendar_week":40,"Amount":1.0,"PickAndPay":0,"Revenue":192.37,"Invoice_Date":"2016-10-05","Article_Number":"110991003","Article_Name":"PACKING CHARGES (CARTON) 360X360X250","Order_Form_ID":"402e187a811515697ecd743a091d40e3"},{"Customer_Name":"A","Calendar_week":40,"Amount":3.0,"PickAndPay":0,"Revenue":28078.51,"Invoice_Date":"2016-10-05","Article_Number":"153576601","Article_Name":"TABLE","Order_Form_ID":"a3875277c330b0893642facb9ccea1f6"},{"Customer_Name":"A","Calendar_week":40,"Amount":1.0,"PickAndPay":0,"Revenue":192.37,"Invoice_Date":"2016-10-05","Article_Number":"118308700","Article_Name":"PACKING CHARGES (CARTON) 330X163X172 MM","Order_Form_ID":"a3875277c330b0893642facb9ccea1f6"},{"Customer_Name":"A","Calendar_week":41,"Amount":5.0,"PickAndPay":0,"Revenue":29386.6,"Invoice_Date":"2016-10-12","Article_Number":"102955409","Article_Name":"BRUSH 1,0X150X510","Order_Form_ID":"91cb632299caf82b3ed6778120af7f42"},{"Customer_Name":"A","Calendar_week":41,"Amount":1.0,"PickAndPay":0,"Revenue":192.37,"Invoice_Date":"2016-10-12","Article_Number":"110991006","Article_Name":"PACKING CHARGES (CARTON) 700X200X200","Order_Form_ID":"91cb632299caf82b3ed6778120af7f42"},{"Customer_Name":"A","Calendar_week":45,"Amount":3.0,"PickAndPay":1,"Revenue":115.42,"Invoice_Date":"2016-11-07","Article_Number":"150011","Article_Name":"FLAT PACKING 3\/4\"\/ 27X38X2","Order_Form_ID":"71f44da1049337429c5f97e15a5bed92"},{"Customer_Name":"A","Calendar_week":45,"Amount":2.0,"PickAndPay":1,"Revenue":846.41,"Invoice_Date":"2016-11-07","Article_Number":"185620","Article_Name":"TOOTHED BELT HTD 30X8X640","Order_Form_ID":"71f44da1049337429c5f97e15a5bed92"},{"Customer_Name":"A","Calendar_week":45,"Amount":6.0,"PickAndPay":1,"Revenue":9233.55,"Invoice_Date":"2016-11-07","Article_Number":"103560705","Article_Name":"BELT 80X1720X 3","Order_Form_ID":"71f44da1049337429c5f97e15a5bed92"},{"Customer_Name":"A","Calendar_week":45,"Amount":5.0,"PickAndPay":1,"Revenue":9480.88,"Invoice_Date":"2016-11-07","Article_Number":"103560727","Article_Name":"BELT 80X3X2530,0","Order_Form_ID":"71f44da1049337429c5f97e15a5bed92"},{"Customer_Name":"A","Calendar_week":45,"Amount":2.0,"PickAndPay":1,"Revenue":167.63,"Invoice_Date":"2016-11-07","Article_Number":"106566766","Article_Name":"LOCKING PLATE FUER D=16","Order_Form_ID":"71f44da1049337429c5f97e15a5bed92"},{"Customer_Name":"A","Calendar_week":45,"Amount":700.0,"PickAndPay":1,"Revenue":13465.59,"Invoice_Date":"2016-11-07","Article_Number":"107254210","Article_Name":"FELT 46X35X10MM","Order_Form_ID":"71f44da1049337429c5f97e15a5bed92"},{"Customer_Name":"A","Calendar_week":45,"Amount":2.0,"PickAndPay":1,"Revenue":15719.02,"Invoice_Date":"2016-11-07","Article_Number":"107969300","Article_Name":"EMERGENCY STOP MODULE 24VDC\/220VAC","Order_Form_ID":"71f44da1049337429c5f97e15a5bed92"},{"Customer_Name":"A","Calendar_week":45,"Amount":1.0,"PickAndPay":1,"Revenue":79.42,"Invoice_Date":"2016-11-07","Article_Number":"109611300","Article_Name":"PRESSURE SPRING 1,50X10,5X55,0","Order_Form_ID":"71f44da1049337429c5f97e15a5bed92"},{"Customer_Name":"A","Calendar_week":45,"Amount":4.0,"PickAndPay":1,"Revenue":5166.39,"Invoice_Date":"2016-11-07","Article_Number":"109612502","Article_Name":"SEALING LEDGE 5,5X65X2665","Order_Form_ID":"71f44da1049337429c5f97e15a5bed92"},{"Customer_Name":"A","Calendar_week":45,"Amount":1.0,"PickAndPay":1,"Revenue":280.3,"Invoice_Date":"2016-11-07","Article_Number":"110658000","Article_Name":"TOOTHED BELT 15X 5X 500","Order_Form_ID":"71f44da1049337429c5f97e15a5bed92"},{"Customer_Name":"A","Calendar_week":45,"Amount":2.0,"PickAndPay":1,"Revenue":5606.08,"Invoice_Date":"2016-11-07","Article_Number":"111125303","Article_Name":"GLUE DAM JOINT 3X260X220","Order_Form_ID":"71f44da1049337429c5f97e15a5bed92"},{"Customer_Name":"A","Calendar_week":45,"Amount":1.0,"PickAndPay":1,"Revenue":79.42,"Invoice_Date":"2016-11-07","Article_Number":"113463300","Article_Name":"RUBBER SPONGE CORD D=15","Order_Form_ID":"71f44da1049337429c5f97e15a5bed92"},{"Customer_Name":"A","Calendar_week":45,"Amount":3.0,"PickAndPay":1,"Revenue":1261.37,"Invoice_Date":"2016-11-07","Article_Number":"114519400","Article_Name":"SUPPORT RING SG38.8X45X1.4G","Order_Form_ID":"71f44da1049337429c5f97e15a5bed92"},{"Customer_Name":"A","Calendar_week":45,"Amount":1.0,"PickAndPay":1,"Revenue":79.42,"Invoice_Date":"2016-11-07","Article_Number":"118550500","Article_Name":"O-RING 90,00X2,00","Order_Form_ID":"71f44da1049337429c5f97e15a5bed92"},{"Customer_Name":"A","Calendar_week":45,"Amount":2.0,"PickAndPay":1,"Revenue":158.84,"Invoice_Date":"2016-11-07","Article_Number":"122356100","Article_Name":"FLAT PACKING 1\"","Order_Form_ID":"71f44da1049337429c5f97e15a5bed92"},{"Customer_Name":"A","Calendar_week":45,"Amount":16.0,"PickAndPay":1,"Revenue":9013.7,"Invoice_Date":"2016-11-07","Article_Number":"123052320","Article_Name":"NO-CRUSH-ROLLER 165X65X50","Order_Form_ID":"71f44da1049337429c5f97e15a5bed92"},{"Customer_Name":"A","Calendar_week":45,"Amount":24.0,"PickAndPay":1,"Revenue":1912.66,"Invoice_Date":"2016-11-07","Article_Number":"123596200","Article_Name":"SPACER RING L49XID70XW4","Order_Form_ID":"71f44da1049337429c5f97e15a5bed92"},{"Customer_Name":"A","Calendar_week":45,"Amount":2.0,"PickAndPay":1,"Revenue":4891.58,"Invoice_Date":"2016-11-07","Article_Number":"130241404","Article_Name":"TOOTHED BELT ATP 50X10X1150","Order_Form_ID":"71f44da1049337429c5f97e15a5bed92"},{"Customer_Name":"A","Calendar_week":45,"Amount":4.8,"PickAndPay":1,"Revenue":6595.39,"Invoice_Date":"2016-11-07","Article_Number":"148143400","Article_Name":"HOOK BELT FASTENER G006-SS-600W","Order_Form_ID":"71f44da1049337429c5f97e15a5bed92"},{"Customer_Name":"A","Calendar_week":45,"Amount":2.0,"PickAndPay":1,"Revenue":3022.89,"Invoice_Date":"2016-11-07","Article_Number":"163270925","Article_Name":"SCRAPER BLADE CORRUDUR® 2550X50X1,5","Order_Form_ID":"71f44da1049337429c5f97e15a5bed92"},{"Customer_Name":"A","Calendar_week":45,"Amount":2.0,"PickAndPay":1,"Revenue":4177.08,"Invoice_Date":"2016-11-07","Article_Number":"163600425","Article_Name":"SCRAPER BLADE 2560X50X1,5","Order_Form_ID":"71f44da1049337429c5f97e15a5bed92"},{"Customer_Name":"A","Calendar_week":45,"Amount":2.0,"PickAndPay":1,"Revenue":4561.81,"Invoice_Date":"2016-11-07","Article_Number":"163600451","Article_Name":"SCRAPER BLADE 2560X50X1,5","Order_Form_ID":"71f44da1049337429c5f97e15a5bed92"},{"Customer_Name":"A","Calendar_week":45,"Amount":6.0,"PickAndPay":1,"Revenue":2044.57,"Invoice_Date":"2016-11-07","Article_Number":"181300.02","Article_Name":"SEAL D116X99X2","Order_Form_ID":"71f44da1049337429c5f97e15a5bed92"},{"Customer_Name":"A","Calendar_week":45,"Amount":25.0,"PickAndPay":1,"Revenue":13671.7,"Invoice_Date":"2016-11-07","Article_Number":"136481820","Article_Name":"NO-CRUSH-ROLLER 180X65X50","Order_Form_ID":"71f44da1049337429c5f97e15a5bed92"},{"Customer_Name":"A","Calendar_week":45,"Amount":1.0,"PickAndPay":1,"Revenue":5825.93,"Invoice_Date":"2016-11-09","Article_Number":"P030FR001","Article_Name":"FREIGHT CHARGES","Order_Form_ID":"227759ba4a23878997919012fdd82ad8"},{"Customer_Name":"A","Calendar_week":45,"Amount":1.0,"PickAndPay":1,"Revenue":1099.23,"Invoice_Date":"2016-11-09","Article_Number":"P030PA001","Article_Name":"PACKING","Order_Form_ID":"227759ba4a23878997919012fdd82ad8"},{"Customer_Name":"A","Calendar_week":46,"Amount":50.0,"PickAndPay":0,"Revenue":42311.37,"Invoice_Date":"2016-11-17","Article_Number":"116904600","Article_Name":"COLOUR FOR BOARD MARKING QUAL.NR.7100-93","Order_Form_ID":"24b260b1048e912e6c91d6475f47941c"},{"Customer_Name":"A","Calendar_week":46,"Amount":-2.0,"PickAndPay":1,"Revenue":-15719.02,"Invoice_Date":"2016-11-17","Article_Number":"107969300","Article_Name":"EMERGENCY STOP MODULE 24VDC\/220VAC","Order_Form_ID":"6e0f4172eb1a100666778826c03b8e87"},{"Customer_Name":"A","Calendar_week":46,"Amount":-16.0,"PickAndPay":1,"Revenue":-9013.7,"Invoice_Date":"2016-11-17","Article_Number":"123052320","Article_Name":"NO-CRUSH-ROLLER 165X65X50","Order_Form_ID":"6e0f4172eb1a100666778826c03b8e87"},{"Customer_Name":"A","Calendar_week":48,"Amount":2.0,"PickAndPay":0,"Revenue":5531.89,"Invoice_Date":"2016-12-01","Article_Number":"140957603","Article_Name":"LUBRICATION CARTRIDGE 120-ML","Order_Form_ID":"d1c260f8877e3f5abe6a0169519883dc"},{"Customer_Name":"A","Calendar_week":48,"Amount":1.0,"PickAndPay":0,"Revenue":192.37,"Invoice_Date":"2016-12-01","Article_Number":"110991000","Article_Name":"PACKING CHARGES (CARTON) 200X200X80","Order_Form_ID":"d1c260f8877e3f5abe6a0169519883dc"},{"Customer_Name":"A","Calendar_week":49,"Amount":-2.0,"PickAndPay":1,"Revenue":-15719.02,"Invoice_Date":"2016-12-05","Article_Number":"107969300","Article_Name":"EMERGENCY STOP MODULE 24VDC\/220VAC","Order_Form_ID":"d697fae4f9be8bb3e778e6bf75908d3b"},{"Customer_Name":"A","Calendar_week":49,"Amount":-16.0,"PickAndPay":1,"Revenue":-9013.7,"Invoice_Date":"2016-12-05","Article_Number":"123052320","Article_Name":"NO-CRUSH-ROLLER 165X65X50","Order_Form_ID":"d697fae4f9be8bb3e778e6bf75908d3b"},{"Customer_Name":"A","Calendar_week":49,"Amount":1.0,"PickAndPay":1,"Revenue":138.78,"Invoice_Date":"2016-12-05","Article_Number":"111537822","Article_Name":"RELAY 2WE\/24VDC\/8A","Order_Form_ID":"576b95402407c984bab0cf0e80d9d626"},{"Customer_Name":"A","Calendar_week":49,"Amount":1.0,"PickAndPay":1,"Revenue":6842.72,"Invoice_Date":"2016-12-05","Article_Number":"127811010","Article_Name":"METERING UNIT S7\/ET200S\/1COUNT 5V\/500KH","Order_Form_ID":"576b95402407c984bab0cf0e80d9d626"},{"Customer_Name":"A","Calendar_week":49,"Amount":1.0,"PickAndPay":1,"Revenue":4369.45,"Invoice_Date":"2016-12-05","Article_Number":"127811043","Article_Name":"ANALOG INPUT\/OUTPUT S7\/ET200S\/2*AI\/4DMU","Order_Form_ID":"576b95402407c984bab0cf0e80d9d626"},{"Customer_Name":"A","Calendar_week":49,"Amount":4.0,"PickAndPay":1,"Revenue":3407.62,"Invoice_Date":"2016-12-05","Article_Number":"127811050","Article_Name":"MODULE S7\/ET200S\/4DI DC24V","Order_Form_ID":"576b95402407c984bab0cf0e80d9d626"},{"Customer_Name":"A","Calendar_week":49,"Amount":3.0,"PickAndPay":1,"Revenue":8409.13,"Invoice_Date":"2016-12-05","Article_Number":"127811052","Article_Name":"DIGITAL IN\/OUTPUT","Order_Form_ID":"576b95402407c984bab0cf0e80d9d626"},{"Customer_Name":"A","Calendar_week":49,"Amount":1.0,"PickAndPay":1,"Revenue":5578.6,"Invoice_Date":"2016-12-05","Article_Number":"155470310","Article_Name":"EMERGENCY STOP MODULE 8I\/24 VDC","Order_Form_ID":"576b95402407c984bab0cf0e80d9d626"},{"Customer_Name":"A","Calendar_week":49,"Amount":1.0,"PickAndPay":1,"Revenue":7199.97,"Invoice_Date":"2016-12-05","Article_Number":"155470321","Article_Name":"EMERGENCY STOP MODULE 24 VDC 3Q","Order_Form_ID":"576b95402407c984bab0cf0e80d9d626"},{"Customer_Name":"A","Calendar_week":49,"Amount":10.0,"PickAndPay":0,"Revenue":26177.12,"Invoice_Date":"2016-12-06","Article_Number":"100335702","Article_Name":"BACOMIN V42-50 UNIVERSAL 400ML","Order_Form_ID":"1bb4f8963f9b889c5859008c6755a467"},{"Customer_Name":"A","Calendar_week":49,"Amount":1.0,"PickAndPay":0,"Revenue":192.37,"Invoice_Date":"2016-12-06","Article_Number":"V00000025","Article_Name":"PACKING CHARGES (CARTON)","Order_Form_ID":"1bb4f8963f9b889c5859008c6755a467"},{"Customer_Name":"A","Calendar_week":49,"Amount":1.0,"PickAndPay":1,"Revenue":192.37,"Invoice_Date":"2016-12-08","Article_Number":"P030PA001","Article_Name":"PACKING","Order_Form_ID":"f1b50364ff5714abd6d557500aee60d1"},{"Customer_Name":"A","Calendar_week":49,"Amount":1.0,"PickAndPay":1,"Revenue":439.69,"Invoice_Date":"2016-12-08","Article_Number":"P030FR001","Article_Name":"FREIGHT CHARGES","Order_Form_ID":"f1b50364ff5714abd6d557500aee60d1"},{"Customer_Name":"A","Calendar_week":49,"Amount":2.0,"PickAndPay":1,"Revenue":15719.02,"Invoice_Date":"2016-12-05","Article_Number":"107969300","Article_Name":"EMERGENCY STOP MODULE 24VDC\/220VAC","Order_Form_ID":"3318c5ccb540c41074270abbb569481b"},{"Customer_Name":"A","Calendar_week":49,"Amount":16.0,"PickAndPay":1,"Revenue":9013.7,"Invoice_Date":"2016-12-05","Article_Number":"123052320","Article_Name":"NO-CRUSH-ROLLER 165X65X50","Order_Form_ID":"3318c5ccb540c41074270abbb569481b"},{"Customer_Name":"A","Calendar_week":50,"Amount":-2.0,"PickAndPay":1,"Revenue":-3022.89,"Invoice_Date":"2016-12-15","Article_Number":"163270925","Article_Name":"SCRAPER BLADE CORRUDUR® 2550X50X1,5","Order_Form_ID":"8bf30a11b450a56cfdfc52c13cf15214"},{"Customer_Name":"A","Calendar_week":50,"Amount":-2.0,"PickAndPay":1,"Revenue":-4177.08,"Invoice_Date":"2016-12-15","Article_Number":"163600425","Article_Name":"SCRAPER BLADE 2560X50X1,5","Order_Form_ID":"8bf30a11b450a56cfdfc52c13cf15214"},{"Customer_Name":"A","Calendar_week":51,"Amount":1.0,"PickAndPay":1,"Revenue":79.42,"Invoice_Date":"2016-12-21","Article_Number":"137663","Article_Name":"RADIAL SHAFT SEAL A  80,0X100X10","Order_Form_ID":"e13259d1edc5c80a618821fec8806a7e"},{"Customer_Name":"A","Calendar_week":51,"Amount":8.0,"PickAndPay":1,"Revenue":43749.44,"Invoice_Date":"2016-12-21","Article_Number":"105303965","Article_Name":"DISC CUT KNIFE 240X1,2\/0,35MM,20°","Order_Form_ID":"e13259d1edc5c80a618821fec8806a7e"},{"Customer_Name":"A","Calendar_week":52,"Amount":2.0,"PickAndPay":0,"Revenue":18961.76,"Invoice_Date":"2016-12-27","Article_Number":"125395110","Article_Name":"PRESSURE SENSOR","Order_Form_ID":"80ad8925406f40cf8f0e4753b5a54581"},{"Customer_Name":"A","Calendar_week":52,"Amount":1.0,"PickAndPay":0,"Revenue":192.37,"Invoice_Date":"2016-12-27","Article_Number":"P030PA001","Article_Name":"PACKING","Order_Form_ID":"80ad8925406f40cf8f0e4753b5a54581"},{"Customer_Name":"A","Calendar_week":52,"Amount":1.0,"PickAndPay":0,"Revenue":439.69,"Invoice_Date":"2016-12-27","Article_Number":"P030FR001","Article_Name":"FREIGHT CHARGES","Order_Form_ID":"80ad8925406f40cf8f0e4753b5a54581"},{"Customer_Name":"A","Calendar_week":52,"Amount":1.0,"PickAndPay":0,"Revenue":1509.8,"Invoice_Date":"2016-12-31","Article_Number":"P030FR001","Article_Name":"FREIGHT CHARGES","Order_Form_ID":"95670eebd3fd117f6b22641844de87c8"},{"Customer_Name":"A","Calendar_week":52,"Amount":1.0,"PickAndPay":0,"Revenue":192.37,"Invoice_Date":"2016-12-31","Article_Number":"P030PA001","Article_Name":"PACKING","Order_Form_ID":"95670eebd3fd117f6b22641844de87c8"},{"Customer_Name":"A","Calendar_week":1,"Amount":50.0,"PickAndPay":0,"Revenue":42311.37,"Invoice_Date":"2017-01-04","Article_Number":"116904600","Article_Name":"COLOUR FOR BOARD MARKING QUAL.NR.7100-93","Order_Form_ID":"b60553947335151e397adfd5808b781f"},{"Customer_Name":"A","Calendar_week":2,"Amount":33.0,"PickAndPay":0,"Revenue":33044.02,"Invoice_Date":"2017-01-13","Article_Number":"108508399","Article_Name":"PRESSURE SHOE, COMPLETE","Order_Form_ID":"5dfb1ac0a1c5ab7f4362eefc6f8b169b"},{"Customer_Name":"A","Calendar_week":2,"Amount":1.0,"PickAndPay":0,"Revenue":192.37,"Invoice_Date":"2017-01-13","Article_Number":"118308700","Article_Name":"PACKING CHARGES (CARTON) 330X163X172 MM","Order_Form_ID":"5dfb1ac0a1c5ab7f4362eefc6f8b169b"},{"Customer_Name":"A","Calendar_week":4,"Amount":1.0,"PickAndPay":1,"Revenue":1454.83,"Invoice_Date":"2017-01-23","Article_Number":"P030FR001","Article_Name":"FREIGHT CHARGES","Order_Form_ID":"b76bc4e91b273a6b475d6898b973069c"},{"Customer_Name":"A","Calendar_week":4,"Amount":1.0,"PickAndPay":1,"Revenue":192.37,"Invoice_Date":"2017-01-23","Article_Number":"P030PA001","Article_Name":"PACKING","Order_Form_ID":"b76bc4e91b273a6b475d6898b973069c"},{"Customer_Name":"A","Calendar_week":4,"Amount":-1.0,"PickAndPay":1,"Revenue":-1454.83,"Invoice_Date":"2017-01-23","Article_Number":"P030FR001","Article_Name":"FREIGHT CHARGES","Order_Form_ID":"b8d237a0e1740841dc8d400d34a8a8a7"},{"Customer_Name":"A","Calendar_week":4,"Amount":-1.0,"PickAndPay":1,"Revenue":-192.37,"Invoice_Date":"2017-01-23","Article_Number":"P030PA001","Article_Name":"PACKING","Order_Form_ID":"b8d237a0e1740841dc8d400d34a8a8a7"},{"Customer_Name":"A","Calendar_week":4,"Amount":1.0,"PickAndPay":0,"Revenue":138.78,"Invoice_Date":"2017-01-24","Article_Number":"111537822","Article_Name":"RELAY 2WE\/24VDC\/8A","Order_Form_ID":"58903eff6835ad955ea73a5ebf8cf9d0"},{"Customer_Name":"A","Calendar_week":4,"Amount":1.0,"PickAndPay":0,"Revenue":6842.72,"Invoice_Date":"2017-01-24","Article_Number":"127811010","Article_Name":"METERING UNIT S7\/ET200S\/1COUNT 5V\/500KH","Order_Form_ID":"58903eff6835ad955ea73a5ebf8cf9d0"},{"Customer_Name":"A","Calendar_week":4,"Amount":1.0,"PickAndPay":0,"Revenue":4369.45,"Invoice_Date":"2017-01-24","Article_Number":"127811043","Article_Name":"ANALOG INPUT\/OUTPUT S7\/ET200S\/2*AI\/4DMU","Order_Form_ID":"58903eff6835ad955ea73a5ebf8cf9d0"},{"Customer_Name":"A","Calendar_week":4,"Amount":4.0,"PickAndPay":0,"Revenue":3407.62,"Invoice_Date":"2017-01-24","Article_Number":"127811050","Article_Name":"MODULE S7\/ET200S\/4DI DC24V","Order_Form_ID":"58903eff6835ad955ea73a5ebf8cf9d0"},{"Customer_Name":"A","Calendar_week":4,"Amount":1.0,"PickAndPay":0,"Revenue":5578.6,"Invoice_Date":"2017-01-24","Article_Number":"155470310","Article_Name":"EMERGENCY STOP MODULE 8I\/24 VDC","Order_Form_ID":"58903eff6835ad955ea73a5ebf8cf9d0"},{"Customer_Name":"A","Calendar_week":4,"Amount":1.0,"PickAndPay":0,"Revenue":7199.97,"Invoice_Date":"2017-01-24","Article_Number":"155470321","Article_Name":"EMERGENCY STOP MODULE 24 VDC 3Q","Order_Form_ID":"58903eff6835ad955ea73a5ebf8cf9d0"},{"Customer_Name":"A","Calendar_week":4,"Amount":3.0,"PickAndPay":0,"Revenue":8409.13,"Invoice_Date":"2017-01-24","Article_Number":"127811052","Article_Name":"DIGITAL IN\/OUTPUT","Order_Form_ID":"58903eff6835ad955ea73a5ebf8cf9d0"},{"Customer_Name":"A","Calendar_week":4,"Amount":1.0,"PickAndPay":0,"Revenue":604.58,"Invoice_Date":"2017-01-24","Article_Number":"P030FR001","Article_Name":"FREIGHT CHARGES","Order_Form_ID":"58903eff6835ad955ea73a5ebf8cf9d0"},{"Customer_Name":"A","Calendar_week":4,"Amount":1.0,"PickAndPay":1,"Revenue":1454.83,"Invoice_Date":"2017-01-24","Article_Number":"P030FR001","Article_Name":"FREIGHT CHARGES","Order_Form_ID":"afae4a7e08b2b0777bc119b769758bfd"},{"Customer_Name":"A","Calendar_week":4,"Amount":1.0,"PickAndPay":1,"Revenue":192.37,"Invoice_Date":"2017-01-24","Article_Number":"P030PA001","Article_Name":"PACKING","Order_Form_ID":"afae4a7e08b2b0777bc119b769758bfd"},{"Customer_Name":"A","Calendar_week":4,"Amount":1.0,"PickAndPay":1,"Revenue":192.37,"Invoice_Date":"2017-01-25","Article_Number":"P030PA001","Article_Name":"PACKING","Order_Form_ID":"d71825986d946fc814a4c1bd442933c8"},{"Customer_Name":"A","Calendar_week":4,"Amount":1.0,"PickAndPay":1,"Revenue":439.69,"Invoice_Date":"2017-01-25","Article_Number":"P030FR001","Article_Name":"FREIGHT CHARGES","Order_Form_ID":"d71825986d946fc814a4c1bd442933c8"},{"Customer_Name":"A","Calendar_week":5,"Amount":2.0,"PickAndPay":0,"Revenue":47.54,"Invoice_Date":"2017-02-02","Article_Number":"111138400","Article_Name":"COUNTERSUNK SCREW M4X10","Order_Form_ID":"4750d0cf12652d2412fa4a3cf57d8ab7"},{"Customer_Name":"A","Calendar_week":5,"Amount":2.0,"PickAndPay":0,"Revenue":1497.43,"Invoice_Date":"2017-02-02","Article_Number":"111125400","Article_Name":"LEDGE 8X8X95","Order_Form_ID":"4750d0cf12652d2412fa4a3cf57d8ab7"},{"Customer_Name":"A","Calendar_week":5,"Amount":2.0,"PickAndPay":0,"Revenue":657.34,"Invoice_Date":"2017-02-02","Article_Number":"110597400","Article_Name":"ECCENTRIC DISK RD.15X10","Order_Form_ID":"4750d0cf12652d2412fa4a3cf57d8ab7"},{"Customer_Name":"A","Calendar_week":5,"Amount":1.0,"PickAndPay":0,"Revenue":192.37,"Invoice_Date":"2017-02-02","Article_Number":"110991000","Article_Name":"PACKING CHARGES (CARTON) 200X200X80","Order_Form_ID":"4750d0cf12652d2412fa4a3cf57d8ab7"},{"Customer_Name":"A","Calendar_week":5,"Amount":7.0,"PickAndPay":1,"Revenue":38280.76,"Invoice_Date":"2017-02-03","Article_Number":"105303965","Article_Name":"DISC CUT KNIFE 240X1,2\/0,35MM,20°","Order_Form_ID":"2fece2d8dc1004763c27b262ebec2ce7"},{"Customer_Name":"A","Calendar_week":5,"Amount":4.0,"PickAndPay":1,"Revenue":5386.24,"Invoice_Date":"2017-02-03","Article_Number":"105406991","Article_Name":"GRINDING WHEEL 50X11X19MM","Order_Form_ID":"2fece2d8dc1004763c27b262ebec2ce7"},{"Customer_Name":"A","Calendar_week":5,"Amount":2.0,"PickAndPay":1,"Revenue":840.91,"Invoice_Date":"2017-02-03","Article_Number":"114519400","Article_Name":"SUPPORT RING SG38.8X45X1.4G","Order_Form_ID":"2fece2d8dc1004763c27b262ebec2ce7"},{"Customer_Name":"A","Calendar_week":5,"Amount":1.0,"PickAndPay":1,"Revenue":16406.04,"Invoice_Date":"2017-02-03","Article_Number":"124352302","Article_Name":"TRANSMITTER 11-27 VDC","Order_Form_ID":"2fece2d8dc1004763c27b262ebec2ce7"},{"Customer_Name":"A","Calendar_week":5,"Amount":1.0,"PickAndPay":1,"Revenue":3737.39,"Invoice_Date":"2017-02-03","Article_Number":"178188401","Article_Name":"LIGHT BARRIER 24 VDC","Order_Form_ID":"2fece2d8dc1004763c27b262ebec2ce7"},{"Customer_Name":"A","Calendar_week":6,"Amount":12.0,"PickAndPay":0,"Revenue":25867.68,"Invoice_Date":"2017-02-12","Article_Number":"108390410","Article_Name":"CARBON BRUSH","Order_Form_ID":"69caf411c04d0db487e6d86f74bc0aa9"},{"Customer_Name":"A","Calendar_week":6,"Amount":1.0,"PickAndPay":0,"Revenue":192.37,"Invoice_Date":"2017-02-12","Article_Number":"110991000","Article_Name":"PACKING CHARGES (CARTON) 200X200X80","Order_Form_ID":"69caf411c04d0db487e6d86f74bc0aa9"},{"Customer_Name":"A","Calendar_week":7,"Amount":-1.0,"PickAndPay":0,"Revenue":-138.78,"Invoice_Date":"2017-02-18","Article_Number":"111537822","Article_Name":"RELAY 2WE\/24VDC\/8A","Order_Form_ID":"71fde42e40801c2c94bd128e75719af1"},{"Customer_Name":"A","Calendar_week":7,"Amount":-1.0,"PickAndPay":0,"Revenue":-6842.72,"Invoice_Date":"2017-02-18","Article_Number":"127811010","Article_Name":"METERING UNIT S7\/ET200S\/1COUNT 5V\/500KH","Order_Form_ID":"71fde42e40801c2c94bd128e75719af1"},{"Customer_Name":"A","Calendar_week":7,"Amount":-1.0,"PickAndPay":0,"Revenue":-4369.45,"Invoice_Date":"2017-02-18","Article_Number":"127811043","Article_Name":"ANALOG INPUT\/OUTPUT S7\/ET200S\/2*AI\/4DMU","Order_Form_ID":"71fde42e40801c2c94bd128e75719af1"},{"Customer_Name":"A","Calendar_week":7,"Amount":-4.0,"PickAndPay":0,"Revenue":-3407.62,"Invoice_Date":"2017-02-18","Article_Number":"127811050","Article_Name":"MODULE S7\/ET200S\/4DI DC24V","Order_Form_ID":"71fde42e40801c2c94bd128e75719af1"},{"Customer_Name":"A","Calendar_week":7,"Amount":-1.0,"PickAndPay":0,"Revenue":-5578.6,"Invoice_Date":"2017-02-18","Article_Number":"155470310","Article_Name":"EMERGENCY STOP MODULE 8I\/24 VDC","Order_Form_ID":"71fde42e40801c2c94bd128e75719af1"},{"Customer_Name":"A","Calendar_week":7,"Amount":-1.0,"PickAndPay":0,"Revenue":-7199.97,"Invoice_Date":"2017-02-18","Article_Number":"155470321","Article_Name":"EMERGENCY STOP MODULE 24 VDC 3Q","Order_Form_ID":"71fde42e40801c2c94bd128e75719af1"},{"Customer_Name":"A","Calendar_week":7,"Amount":-3.0,"PickAndPay":0,"Revenue":-8409.13,"Invoice_Date":"2017-02-18","Article_Number":"127811052","Article_Name":"DIGITAL IN\/OUTPUT","Order_Form_ID":"71fde42e40801c2c94bd128e75719af1"},{"Customer_Name":"A","Calendar_week":7,"Amount":-1.0,"PickAndPay":0,"Revenue":-604.58,"Invoice_Date":"2017-02-18","Article_Number":"P030FR001","Article_Name":"FREIGHT CHARGES","Order_Form_ID":"71fde42e40801c2c94bd128e75719af1"},{"Customer_Name":"A","Calendar_week":8,"Amount":8.0,"PickAndPay":1,"Revenue":4946.55,"Invoice_Date":"2017-02-23","Article_Number":"104581595","Article_Name":"BRAKE LINING CORRUDUR® 64X5X10","Order_Form_ID":"6d052824b4a734c034ed9dfc834d6e60"},{"Customer_Name":"A","Calendar_week":8,"Amount":5.0,"PickAndPay":1,"Revenue":9755.69,"Invoice_Date":"2017-02-23","Article_Number":"103560703","Article_Name":"BELT 80X2450X3","Order_Form_ID":"6d052824b4a734c034ed9dfc834d6e60"},{"Customer_Name":"A","Calendar_week":9,"Amount":1.0,"PickAndPay":1,"Revenue":1471.6,"Invoice_Date":"2017-02-27","Article_Number":"P030FR001","Article_Name":"FREIGHT CHARGES","Order_Form_ID":"8eebc9cd68f214aea9da1faab10637d9"},{"Customer_Name":"A","Calendar_week":9,"Amount":1.0,"PickAndPay":1,"Revenue":192.37,"Invoice_Date":"2017-02-27","Article_Number":"P030PA001","Article_Name":"PACKING","Order_Form_ID":"8eebc9cd68f214aea9da1faab10637d9"},{"Customer_Name":"A","Calendar_week":12,"Amount":2.0,"PickAndPay":0,"Revenue":24033.06,"Invoice_Date":"2017-03-20","Article_Number":"104581551","Article_Name":"CALIPER OF THE DISK BRAKE","Order_Form_ID":"9482895400cf3a9f73962665e898b742"},{"Customer_Name":"A","Calendar_week":12,"Amount":8.0,"PickAndPay":0,"Revenue":2244.36,"Invoice_Date":"2017-03-20","Article_Number":"104581528","Article_Name":"SPRING","Order_Form_ID":"9482895400cf3a9f73962665e898b742"},{"Customer_Name":"A","Calendar_week":12,"Amount":16.0,"PickAndPay":0,"Revenue":13224.04,"Invoice_Date":"2017-03-20","Article_Number":"104581529","Article_Name":"SEALING RING 60X  50X  7","Order_Form_ID":"9482895400cf3a9f73962665e898b742"},{"Customer_Name":"A","Calendar_week":12,"Amount":2.0,"PickAndPay":0,"Revenue":828.82,"Invoice_Date":"2017-03-20","Article_Number":"104230500","Article_Name":"FOAM RUBBER 60X12X2600","Order_Form_ID":"9482895400cf3a9f73962665e898b742"},{"Customer_Name":"A","Calendar_week":12,"Amount":25.0,"PickAndPay":0,"Revenue":11562.82,"Invoice_Date":"2017-03-20","Article_Number":"107440100","Article_Name":"NAP FOIL 120 MM BR\/25 M","Order_Form_ID":"9482895400cf3a9f73962665e898b742"},{"Customer_Name":"A","Calendar_week":12,"Amount":10.0,"PickAndPay":0,"Revenue":41205.0,"Invoice_Date":"2017-03-20","Article_Number":"511387.01","Article_Name":"BRUSH 2,0X400X510","Order_Form_ID":"9482895400cf3a9f73962665e898b742"},{"Customer_Name":"A","Calendar_week":12,"Amount":1.0,"PickAndPay":0,"Revenue":1099.23,"Invoice_Date":"2017-03-20","Article_Number":"110680400","Article_Name":"PACKING CHARGES (PAL-BOX I) 830X580X680","Order_Form_ID":"9482895400cf3a9f73962665e898b742"},{"Customer_Name":"A","Calendar_week":12,"Amount":3.0,"PickAndPay":0,"Revenue":6544.55,"Invoice_Date":"2017-03-20","Article_Number":"209361702","Article_Name":"FABRIC TAPE 120 MM BREIT","Order_Form_ID":"31f2b58c6ac6f6028002fc8708b42be9"},{"Customer_Name":"A","Calendar_week":12,"Amount":1.0,"PickAndPay":0,"Revenue":192.37,"Invoice_Date":"2017-03-20","Article_Number":"110991002","Article_Name":"PACKING CHARGES (CARTON) 300X300X200","Order_Form_ID":"31f2b58c6ac6f6028002fc8708b42be9"},{"Customer_Name":"A","Calendar_week":12,"Amount":60.0,"PickAndPay":0,"Revenue":53420.49,"Invoice_Date":"2017-03-20","Article_Number":"111743300","Article_Name":"HYSYN V150 CUT H1 CORRULUB® 20L","Order_Form_ID":"30e7d839180362977b0b1ebfa5f12ba5"},{"Customer_Name":"A","Calendar_week":13,"Amount":3.0,"PickAndPay":0,"Revenue":83027.76,"Invoice_Date":"2017-03-29","Article_Number":"121010690","Article_Name":"SET OF SEALS K=1 1\/2\"","Order_Form_ID":"30722b576e758596725538b02a2bfca1"},{"Customer_Name":"A","Calendar_week":13,"Amount":1.0,"PickAndPay":0,"Revenue":192.37,"Invoice_Date":"2017-03-29","Article_Number":"110991001","Article_Name":"PACKING CHARGES (CARTON) 200X200X150","Order_Form_ID":"30722b576e758596725538b02a2bfca1"},{"Customer_Name":"A","Calendar_week":14,"Amount":2.0,"PickAndPay":0,"Revenue":4400.78,"Invoice_Date":"2017-04-05","Article_Number":"108079901","Article_Name":"CLAMPING ELEMENT","Order_Form_ID":"7b5a3181099f8eea989051ecd8a5cff3"},{"Customer_Name":"A","Calendar_week":14,"Amount":1.0,"PickAndPay":0,"Revenue":192.37,"Invoice_Date":"2017-04-05","Article_Number":"110991000","Article_Name":"PACKING CHARGES (CARTON) 200X200X80","Order_Form_ID":"7b5a3181099f8eea989051ecd8a5cff3"},{"Customer_Name":"A","Calendar_week":16,"Amount":2.0,"PickAndPay":0,"Revenue":2409.24,"Invoice_Date":"2017-04-21","Article_Number":"553374","Article_Name":"SEALING ELEMENT RAD.288.5X260","Order_Form_ID":"68a9218aaf56cd5653d4cc8913d15854"},{"Customer_Name":"A","Calendar_week":16,"Amount":1.0,"PickAndPay":0,"Revenue":192.37,"Invoice_Date":"2017-04-21","Article_Number":"118308700","Article_Name":"PACKING CHARGES (CARTON) 330X163X172 MM","Order_Form_ID":"68a9218aaf56cd5653d4cc8913d15854"},{"Customer_Name":"A","Calendar_week":16,"Amount":14.0,"PickAndPay":1,"Revenue":76561.53,"Invoice_Date":"2017-04-21","Article_Number":"105303965","Article_Name":"DISC CUT KNIFE 240X1,2\/0,35MM,20°","Order_Form_ID":"688418c867f9b3a90c8d812c02c93391"},{"Customer_Name":"A","Calendar_week":16,"Amount":600.0,"PickAndPay":1,"Revenue":11541.94,"Invoice_Date":"2017-04-21","Article_Number":"107254210","Article_Name":"FELT 46X35X10MM","Order_Form_ID":"688418c867f9b3a90c8d812c02c93391"},{"Customer_Name":"A","Calendar_week":16,"Amount":18.0,"PickAndPay":1,"Revenue":24238.07,"Invoice_Date":"2017-04-21","Article_Number":"105406991","Article_Name":"GRINDING WHEEL 50X11X19MM","Order_Form_ID":"688418c867f9b3a90c8d812c02c93391"},{"Customer_Name":"A","Calendar_week":16,"Amount":8.0,"PickAndPay":1,"Revenue":4506.85,"Invoice_Date":"2017-04-21","Article_Number":"123052310","Article_Name":"NO-CRUSH-ROLLER 165X65X50","Order_Form_ID":"688418c867f9b3a90c8d812c02c93391"},{"Customer_Name":"A","Calendar_week":16,"Amount":1.0,"PickAndPay":1,"Revenue":192.37,"Invoice_Date":"2017-04-21","Article_Number":"P030PA001","Article_Name":"PACKING","Order_Form_ID":"b2bc3eba8b1f47e4ccb37b51de7307a2"},{"Customer_Name":"A","Calendar_week":16,"Amount":1.0,"PickAndPay":1,"Revenue":2651.9,"Invoice_Date":"2017-04-21","Article_Number":"P030FR001","Article_Name":"FREIGHT CHARGES","Order_Form_ID":"b2bc3eba8b1f47e4ccb37b51de7307a2"},{"Customer_Name":"A","Calendar_week":17,"Amount":25.0,"PickAndPay":1,"Revenue":13671.7,"Invoice_Date":"2017-04-24","Article_Number":"136481820","Article_Name":"NO-CRUSH-ROLLER 180X65X50","Order_Form_ID":"eabca22ecd5f746e02659d7945319ef1"},{"Customer_Name":"A","Calendar_week":17,"Amount":25.0,"PickAndPay":1,"Revenue":13671.7,"Invoice_Date":"2017-04-25","Article_Number":"136481820","Article_Name":"NO-CRUSH-ROLLER 180X65X50","Order_Form_ID":"9c6333d928a6aa8ea42dd3a4f2e52fe6"},{"Customer_Name":"A","Calendar_week":17,"Amount":4.0,"PickAndPay":0,"Revenue":3176.78,"Invoice_Date":"2017-04-26","Article_Number":"553374","Article_Name":"SEALING ELEMENT RAD.288.5X260","Order_Form_ID":"3fcf1ca00fee151f1efd6e8b82fe225d"},{"Customer_Name":"A","Calendar_week":17,"Amount":10.0,"PickAndPay":1,"Revenue":54686.8,"Invoice_Date":"2017-04-27","Article_Number":"105303965","Article_Name":"DISC CUT KNIFE 240X1,2\/0,35MM,20°","Order_Form_ID":"58b84fe7423bdcd6b7fcd948e2105e7d"},{"Customer_Name":"A","Calendar_week":17,"Amount":2.0,"PickAndPay":1,"Revenue":8079.36,"Invoice_Date":"2017-04-27","Article_Number":"204231295","Article_Name":"KNIFE 1300X50X1.5","Order_Form_ID":"58b84fe7423bdcd6b7fcd948e2105e7d"},{"Customer_Name":"A","Calendar_week":17,"Amount":1.0,"PickAndPay":1,"Revenue":26038.06,"Invoice_Date":"2017-04-27","Article_Number":"105073880","Article_Name":"KNIFE 2540X28X8 AB2500","Order_Form_ID":"58b84fe7423bdcd6b7fcd948e2105e7d"},{"Customer_Name":"A","Calendar_week":17,"Amount":1.0,"PickAndPay":1,"Revenue":26038.06,"Invoice_Date":"2017-04-27","Article_Number":"105073780","Article_Name":"KNIFE 2540X32X8 AB2500","Order_Form_ID":"58b84fe7423bdcd6b7fcd948e2105e7d"},{"Customer_Name":"A","Calendar_week":17,"Amount":86.0,"PickAndPay":1,"Revenue":1701.61,"Invoice_Date":"2017-04-27","Article_Number":"177592300","Article_Name":"PLATE SPRING 8,4X15X2","Order_Form_ID":"58b84fe7423bdcd6b7fcd948e2105e7d"},{"Customer_Name":"A","Calendar_week":17,"Amount":86.0,"PickAndPay":1,"Revenue":1701.61,"Invoice_Date":"2017-04-27","Article_Number":"100441800","Article_Name":"SUPPORTING PLATE S 10X16X1,2","Order_Form_ID":"58b84fe7423bdcd6b7fcd948e2105e7d"},{"Customer_Name":"A","Calendar_week":17,"Amount":86.0,"PickAndPay":1,"Revenue":1701.61,"Invoice_Date":"2017-04-27","Article_Number":"191757201","Article_Name":"LENS HEAD SCREW M8X25","Order_Form_ID":"58b84fe7423bdcd6b7fcd948e2105e7d"},{"Customer_Name":"A","Calendar_week":17,"Amount":8.0,"PickAndPay":1,"Revenue":158.29,"Invoice_Date":"2017-04-27","Article_Number":"191757200","Article_Name":"LENS HEAD SCREW M8X16","Order_Form_ID":"58b84fe7423bdcd6b7fcd948e2105e7d"},{"Customer_Name":"A","Calendar_week":17,"Amount":2.0,"PickAndPay":1,"Revenue":277.56,"Invoice_Date":"2017-04-27","Article_Number":"177671310","Article_Name":"ADHESIVE LABEL","Order_Form_ID":"58b84fe7423bdcd6b7fcd948e2105e7d"},{"Customer_Name":"A","Calendar_week":17,"Amount":1.0,"PickAndPay":1,"Revenue":189.62,"Invoice_Date":"2017-04-27","Article_Number":"173687700","Article_Name":"TORX SOCKET GR.TX40 1\/2-ZOLL","Order_Form_ID":"58b84fe7423bdcd6b7fcd948e2105e7d"},{"Customer_Name":"A","Calendar_week":17,"Amount":-2.0,"PickAndPay":0,"Revenue":-18961.76,"Invoice_Date":"2017-04-29","Article_Number":"125395110","Article_Name":"PRESSURE SENSOR","Order_Form_ID":"e11478fcd885367e4995b3b5c10dbdb4"},{"Customer_Name":"A","Calendar_week":17,"Amount":-1.0,"PickAndPay":0,"Revenue":-192.37,"Invoice_Date":"2017-04-29","Article_Number":"P030PA001","Article_Name":"PACKING","Order_Form_ID":"e11478fcd885367e4995b3b5c10dbdb4"},{"Customer_Name":"A","Calendar_week":17,"Amount":-1.0,"PickAndPay":0,"Revenue":-439.69,"Invoice_Date":"2017-04-29","Article_Number":"P030FR001","Article_Name":"FREIGHT CHARGES","Order_Form_ID":"e11478fcd885367e4995b3b5c10dbdb4"},{"Customer_Name":"A","Calendar_week":18,"Amount":1.0,"PickAndPay":1,"Revenue":1566.41,"Invoice_Date":"2017-05-02","Article_Number":"P030PA001","Article_Name":"PACKING","Order_Form_ID":"3ea0e0be6d16a253075909d4fde358e3"},{"Customer_Name":"A","Calendar_week":18,"Amount":1.0,"PickAndPay":1,"Revenue":1484.79,"Invoice_Date":"2017-05-02","Article_Number":"P030FR001","Article_Name":"FREIGHT CHARGES","Order_Form_ID":"3ea0e0be6d16a253075909d4fde358e3"},{"Customer_Name":"A","Calendar_week":20,"Amount":1.0,"PickAndPay":1,"Revenue":766.71,"Invoice_Date":"2017-05-15","Article_Number":"117712402","Article_Name":"TOOTHED BELT GT 40X 8X 720","Order_Form_ID":"f45b0e8f56cfbc3f8ab3a7bfee8035a4"},{"Customer_Name":"A","Calendar_week":20,"Amount":1.0,"PickAndPay":1,"Revenue":423.2,"Invoice_Date":"2017-05-15","Article_Number":"185620","Article_Name":"TOOTHED BELT HTD 30X8X640","Order_Form_ID":"f45b0e8f56cfbc3f8ab3a7bfee8035a4"},{"Customer_Name":"A","Calendar_week":20,"Amount":2.0,"PickAndPay":1,"Revenue":5606.08,"Invoice_Date":"2017-05-18","Article_Number":"111125303","Article_Name":"GLUE DAM JOINT 3X260X220","Order_Form_ID":"0852fcbad50435e69c06f7faaa53c3f3"},{"Customer_Name":"A","Calendar_week":20,"Amount":1.0,"PickAndPay":1,"Revenue":1621.37,"Invoice_Date":"2017-05-18","Article_Number":"111125199","Article_Name":"GLUE DAM JOINT 3X128X197","Order_Form_ID":"0852fcbad50435e69c06f7faaa53c3f3"},{"Customer_Name":"A","Calendar_week":20,"Amount":1.0,"PickAndPay":1,"Revenue":1621.37,"Invoice_Date":"2017-05-18","Article_Number":"111125198","Article_Name":"GLUE DAM JOINT 3X128X197","Order_Form_ID":"0852fcbad50435e69c06f7faaa53c3f3"},{"Customer_Name":"A","Calendar_week":21,"Amount":1.0,"PickAndPay":1,"Revenue":255.57,"Invoice_Date":"2017-05-22","Article_Number":"P030FR001","Article_Name":"FREIGHT CHARGES","Order_Form_ID":"b03ef6df6612db66c57034f75385afb4"},{"Customer_Name":"A","Calendar_week":21,"Amount":1.0,"PickAndPay":1,"Revenue":192.37,"Invoice_Date":"2017-05-22","Article_Number":"P030PA001","Article_Name":"PACKING","Order_Form_ID":"b03ef6df6612db66c57034f75385afb4"},{"Customer_Name":"A","Calendar_week":21,"Amount":25.0,"PickAndPay":1,"Revenue":20610.6,"Invoice_Date":"2017-05-23","Article_Number":"104581529","Article_Name":"SEALING RING 60X  50X  7","Order_Form_ID":"d40b844d7043c5c119da1f50ff862fde"},{"Customer_Name":"A","Calendar_week":21,"Amount":2.0,"PickAndPay":1,"Revenue":846.41,"Invoice_Date":"2017-05-23","Article_Number":"185620","Article_Name":"TOOTHED BELT HTD 30X8X640","Order_Form_ID":"e1128e479e2d5f1a3a8d0fb7d7e73913"},{"Customer_Name":"A","Calendar_week":21,"Amount":12.0,"PickAndPay":0,"Revenue":3601.36,"Invoice_Date":"2017-05-24","Article_Number":"121606100","Article_Name":"RETURN SPRING","Order_Form_ID":"2820a2d36503e10a34948c78ffff056d"},{"Customer_Name":"A","Calendar_week":21,"Amount":12.0,"PickAndPay":0,"Revenue":3601.36,"Invoice_Date":"2017-05-24","Article_Number":"121606101","Article_Name":"RETURN SPRING","Order_Form_ID":"2820a2d36503e10a34948c78ffff056d"},{"Customer_Name":"A","Calendar_week":21,"Amount":1.0,"PickAndPay":0,"Revenue":192.37,"Invoice_Date":"2017-05-24","Article_Number":"110991000","Article_Name":"PACKING CHARGES (CARTON) 200X200X80","Order_Form_ID":"2820a2d36503e10a34948c78ffff056d"},{"Customer_Name":"A","Calendar_week":22,"Amount":1.0,"PickAndPay":1,"Revenue":384.73,"Invoice_Date":"2017-05-29","Article_Number":"P030PA001","Article_Name":"PACKING","Order_Form_ID":"9b244293763473d1b3c4f71c30562728"},{"Customer_Name":"A","Calendar_week":22,"Amount":1.0,"PickAndPay":1,"Revenue":1648.57,"Invoice_Date":"2017-05-29","Article_Number":"P030FR001","Article_Name":"FREIGHT CHARGES","Order_Form_ID":"9b244293763473d1b3c4f71c30562728"},{"Customer_Name":"A","Calendar_week":22,"Amount":1.0,"PickAndPay":1,"Revenue":255.57,"Invoice_Date":"2017-05-29","Article_Number":"P030FR001","Article_Name":"FREIGHT CHARGES","Order_Form_ID":"6653cd63a251d5a6540d12d0285099c7"},{"Customer_Name":"A","Calendar_week":22,"Amount":1.0,"PickAndPay":1,"Revenue":192.37,"Invoice_Date":"2017-05-29","Article_Number":"P030PA001","Article_Name":"PACKING","Order_Form_ID":"6653cd63a251d5a6540d12d0285099c7"},{"Customer_Name":"A","Calendar_week":22,"Amount":1.0,"PickAndPay":1,"Revenue":255.57,"Invoice_Date":"2017-05-29","Article_Number":"P030FR001","Article_Name":"FREIGHT CHARGES","Order_Form_ID":"5cc4859d009752a3976ee9dc91d2b202"},{"Customer_Name":"A","Calendar_week":22,"Amount":1.0,"PickAndPay":1,"Revenue":192.37,"Invoice_Date":"2017-05-29","Article_Number":"P030PA001","Article_Name":"PACKING","Order_Form_ID":"5cc4859d009752a3976ee9dc91d2b202"},{"Customer_Name":"A","Calendar_week":22,"Amount":8.0,"PickAndPay":0,"Revenue":2284.2,"Invoice_Date":"2017-05-30","Article_Number":"198302400","Article_Name":"RADIAL SHAFT SEAL A 80,0X100X10","Order_Form_ID":"649c2675aebd76f2b19f15764bc983cf"},{"Customer_Name":"A","Calendar_week":22,"Amount":9.0,"PickAndPay":0,"Revenue":6188.13,"Invoice_Date":"2017-05-30","Article_Number":"198305600","Article_Name":"RADIAL SHAFT SEAL A 110,0X140X12","Order_Form_ID":"649c2675aebd76f2b19f15764bc983cf"},{"Customer_Name":"A","Calendar_week":22,"Amount":1.0,"PickAndPay":0,"Revenue":192.37,"Invoice_Date":"2017-05-30","Article_Number":"110991001","Article_Name":"PACKING CHARGES (CARTON) 200X200X150","Order_Form_ID":"649c2675aebd76f2b19f15764bc983cf"},{"Customer_Name":"A","Calendar_week":22,"Amount":5.0,"PickAndPay":0,"Revenue":14745.65,"Invoice_Date":"2017-05-30","Article_Number":"102955404","Article_Name":"BRUSH 1,0X300X510","Order_Form_ID":"a42cab718b361e92377bdf20f07af619"},{"Customer_Name":"A","Calendar_week":22,"Amount":15.0,"PickAndPay":0,"Revenue":59605.04,"Invoice_Date":"2017-05-30","Article_Number":"511387.01","Article_Name":"BRUSH 2,0X400X510","Order_Form_ID":"a42cab718b361e92377bdf20f07af619"},{"Customer_Name":"A","Calendar_week":22,"Amount":1.0,"PickAndPay":0,"Revenue":1099.23,"Invoice_Date":"2017-05-30","Article_Number":"110680400","Article_Name":"PACKING CHARGES (PAL-BOX I) 830X580X680","Order_Form_ID":"a42cab718b361e92377bdf20f07af619"},{"Customer_Name":"A","Calendar_week":22,"Amount":1.0,"PickAndPay":1,"Revenue":655.14,"Invoice_Date":"2017-05-30","Article_Number":"P030FR001","Article_Name":"FREIGHT CHARGES","Order_Form_ID":"52d7586a7986cb8d371d5e8d85cf5da4"},{"Customer_Name":"A","Calendar_week":22,"Amount":1.0,"PickAndPay":1,"Revenue":192.37,"Invoice_Date":"2017-05-30","Article_Number":"P030PA001","Article_Name":"PACKING","Order_Form_ID":"52d7586a7986cb8d371d5e8d85cf5da4"},{"Customer_Name":"A","Calendar_week":22,"Amount":16.0,"PickAndPay":0,"Revenue":4503.55,"Invoice_Date":"2017-05-31","Article_Number":"198302400","Article_Name":"RADIAL SHAFT SEAL A 80,0X100X10","Order_Form_ID":"8d2fcbbf1b606a0b7de603c73df13894"},{"Customer_Name":"A","Calendar_week":22,"Amount":15.0,"PickAndPay":0,"Revenue":10175.04,"Invoice_Date":"2017-05-31","Article_Number":"198305600","Article_Name":"RADIAL SHAFT SEAL A 110,0X140X12","Order_Form_ID":"8d2fcbbf1b606a0b7de603c73df13894"},{"Customer_Name":"A","Calendar_week":22,"Amount":1.0,"PickAndPay":0,"Revenue":192.37,"Invoice_Date":"2017-05-31","Article_Number":"110991002","Article_Name":"PACKING CHARGES (CARTON) 300X300X200","Order_Form_ID":"8d2fcbbf1b606a0b7de603c73df13894"},{"Customer_Name":"A","Calendar_week":23,"Amount":2.0,"PickAndPay":0,"Revenue":4669.81,"Invoice_Date":"2017-06-09","Article_Number":"176636001","Article_Name":"CHECK VALVE G1\/4-G1\/4-M 5","Order_Form_ID":"213b4149118485b57e548096d2c7df27"},{"Customer_Name":"A","Calendar_week":23,"Amount":1.0,"PickAndPay":0,"Revenue":91.51,"Invoice_Date":"2017-06-09","Article_Number":"114743800","Article_Name":"L-SHAPED THREAD.PIPE CONNECTION M5X0.8-4","Order_Form_ID":"213b4149118485b57e548096d2c7df27"},{"Customer_Name":"A","Calendar_week":23,"Amount":20.0,"PickAndPay":0,"Revenue":3840.99,"Invoice_Date":"2017-06-09","Article_Number":"116854500","Article_Name":"PNEUMATIC THROTTLE 9X4","Order_Form_ID":"213b4149118485b57e548096d2c7df27"},{"Customer_Name":"A","Calendar_week":23,"Amount":1.0,"PickAndPay":0,"Revenue":192.37,"Invoice_Date":"2017-06-09","Article_Number":"110991000","Article_Name":"PACKING CHARGES (CARTON) 200X200X80","Order_Form_ID":"213b4149118485b57e548096d2c7df27"},{"Customer_Name":"A","Calendar_week":25,"Amount":3.0,"PickAndPay":0,"Revenue":5092.19,"Invoice_Date":"2017-06-19","Article_Number":"107897730","Article_Name":"HOLDING DEVICE 40X10X90","Order_Form_ID":"5fb1b537562b3d8f2bfa426868f3fc7f"},{"Customer_Name":"A","Calendar_week":25,"Amount":1.0,"PickAndPay":0,"Revenue":192.37,"Invoice_Date":"2017-06-19","Article_Number":"110991000","Article_Name":"PACKING CHARGES (CARTON) 200X200X80","Order_Form_ID":"5fb1b537562b3d8f2bfa426868f3fc7f"},{"Customer_Name":"A","Calendar_week":25,"Amount":8.0,"PickAndPay":1,"Revenue":43749.44,"Invoice_Date":"2017-06-21","Article_Number":"105303965","Article_Name":"DISC CUT KNIFE 240X1,2\/0,35MM,20°","Order_Form_ID":"cb0ab6b2dfc9ce0597e77e409901ff85"},{"Customer_Name":"A","Calendar_week":25,"Amount":2.0,"PickAndPay":1,"Revenue":2693.12,"Invoice_Date":"2017-06-21","Article_Number":"105406991","Article_Name":"GRINDING WHEEL 50X11X19MM","Order_Form_ID":"cb0ab6b2dfc9ce0597e77e409901ff85"},{"Customer_Name":"A","Calendar_week":25,"Amount":2.0,"PickAndPay":1,"Revenue":5606.08,"Invoice_Date":"2017-06-21","Article_Number":"111125303","Article_Name":"GLUE DAM JOINT 3X260X220","Order_Form_ID":"cb0ab6b2dfc9ce0597e77e409901ff85"},{"Customer_Name":"A","Calendar_week":25,"Amount":1.0,"PickAndPay":1,"Revenue":1621.37,"Invoice_Date":"2017-06-21","Article_Number":"111125199","Article_Name":"GLUE DAM JOINT 3X128X197","Order_Form_ID":"cb0ab6b2dfc9ce0597e77e409901ff85"},{"Customer_Name":"A","Calendar_week":25,"Amount":1.0,"PickAndPay":1,"Revenue":1621.37,"Invoice_Date":"2017-06-21","Article_Number":"111125198","Article_Name":"GLUE DAM JOINT 3X128X197","Order_Form_ID":"cb0ab6b2dfc9ce0597e77e409901ff85"},{"Customer_Name":"A","Calendar_week":25,"Amount":2.0,"PickAndPay":1,"Revenue":560.61,"Invoice_Date":"2017-06-21","Article_Number":"110658000","Article_Name":"TOOTHED BELT 15X 5X 500","Order_Form_ID":"cb0ab6b2dfc9ce0597e77e409901ff85"},{"Customer_Name":"A","Calendar_week":25,"Amount":2.0,"PickAndPay":1,"Revenue":846.41,"Invoice_Date":"2017-06-21","Article_Number":"131672130","Article_Name":"O-RING 37,69X3,53","Order_Form_ID":"cb0ab6b2dfc9ce0597e77e409901ff85"},{"Customer_Name":"A","Calendar_week":25,"Amount":1.0,"PickAndPay":1,"Revenue":26038.06,"Invoice_Date":"2017-06-21","Article_Number":"105073880","Article_Name":"KNIFE 2540X28X8 AB2500","Order_Form_ID":"cb0ab6b2dfc9ce0597e77e409901ff85"},{"Customer_Name":"A","Calendar_week":25,"Amount":1.0,"PickAndPay":1,"Revenue":26038.06,"Invoice_Date":"2017-06-21","Article_Number":"105073780","Article_Name":"KNIFE 2540X32X8 AB2500","Order_Form_ID":"cb0ab6b2dfc9ce0597e77e409901ff85"},{"Customer_Name":"A","Calendar_week":25,"Amount":86.0,"PickAndPay":1,"Revenue":1701.61,"Invoice_Date":"2017-06-21","Article_Number":"177592300","Article_Name":"PLATE SPRING 8,4X15X2","Order_Form_ID":"cb0ab6b2dfc9ce0597e77e409901ff85"},{"Customer_Name":"A","Calendar_week":25,"Amount":86.0,"PickAndPay":1,"Revenue":1701.61,"Invoice_Date":"2017-06-21","Article_Number":"100441800","Article_Name":"SUPPORTING PLATE S 10X16X1,2","Order_Form_ID":"cb0ab6b2dfc9ce0597e77e409901ff85"},{"Customer_Name":"A","Calendar_week":25,"Amount":86.0,"PickAndPay":1,"Revenue":1701.61,"Invoice_Date":"2017-06-21","Article_Number":"191757201","Article_Name":"LENS HEAD SCREW M8X25","Order_Form_ID":"cb0ab6b2dfc9ce0597e77e409901ff85"},{"Customer_Name":"A","Calendar_week":25,"Amount":8.0,"PickAndPay":1,"Revenue":158.29,"Invoice_Date":"2017-06-21","Article_Number":"191757200","Article_Name":"LENS HEAD SCREW M8X16","Order_Form_ID":"cb0ab6b2dfc9ce0597e77e409901ff85"},{"Customer_Name":"A","Calendar_week":25,"Amount":2.0,"PickAndPay":1,"Revenue":277.56,"Invoice_Date":"2017-06-21","Article_Number":"177671310","Article_Name":"ADHESIVE LABEL","Order_Form_ID":"cb0ab6b2dfc9ce0597e77e409901ff85"},{"Customer_Name":"A","Calendar_week":25,"Amount":1.0,"PickAndPay":1,"Revenue":189.62,"Invoice_Date":"2017-06-21","Article_Number":"173687700","Article_Name":"TORX SOCKET GR.TX40 1\/2-ZOLL","Order_Form_ID":"cb0ab6b2dfc9ce0597e77e409901ff85"},{"Customer_Name":"A","Calendar_week":25,"Amount":50.0,"PickAndPay":1,"Revenue":27343.4,"Invoice_Date":"2017-06-21","Article_Number":"136481820","Article_Name":"NO-CRUSH-ROLLER 180X65X50","Order_Form_ID":"91191d828439bca3f72bf8f134e73915"},{"Customer_Name":"A","Calendar_week":25,"Amount":1.0,"PickAndPay":0,"Revenue":192.37,"Invoice_Date":"2017-06-22","Article_Number":"P030PA001","Article_Name":"PACKING","Order_Form_ID":"95a476aaae0e2d5722ecc3884b19990e"},{"Customer_Name":"A","Calendar_week":25,"Amount":1.0,"PickAndPay":0,"Revenue":1374.04,"Invoice_Date":"2017-06-22","Article_Number":"P030PA001","Article_Name":"PACKING","Order_Form_ID":"95a476aaae0e2d5722ecc3884b19990e"},{"Customer_Name":"A","Calendar_week":25,"Amount":1.0,"PickAndPay":0,"Revenue":2653.0,"Invoice_Date":"2017-06-22","Article_Number":"P030FR001","Article_Name":"FREIGHT CHARGES","Order_Form_ID":"95a476aaae0e2d5722ecc3884b19990e"},{"Customer_Name":"A","Calendar_week":25,"Amount":2.0,"PickAndPay":1,"Revenue":384.73,"Invoice_Date":"2017-06-22","Article_Number":"P030PA001","Article_Name":"PACKING","Order_Form_ID":"3d218f1a6e81e055817886b2c12ba413"},{"Customer_Name":"A","Calendar_week":25,"Amount":1.0,"PickAndPay":1,"Revenue":3731.89,"Invoice_Date":"2017-06-22","Article_Number":"P030FR001","Article_Name":"FREIGHT CHARGES","Order_Form_ID":"3d218f1a6e81e055817886b2c12ba413"},{"Customer_Name":"A","Calendar_week":27,"Amount":1.0,"PickAndPay":0,"Revenue":29249.2,"Invoice_Date":"2017-07-07","Article_Number":"112540505","Article_Name":"3\/2-WAY-BALL COCK 1 1\/2\" DN40 -22220E","Order_Form_ID":"3551d3f837b2d94406482f99afbe6b05"},{"Customer_Name":"A","Calendar_week":27,"Amount":1.0,"PickAndPay":0,"Revenue":197.86,"Invoice_Date":"2017-07-07","Article_Number":"110991002","Article_Name":"PACKING CHARGES (CARTON) 300X300X200","Order_Form_ID":"3551d3f837b2d94406482f99afbe6b05"},{"Customer_Name":"A","Calendar_week":30,"Amount":20.0,"PickAndPay":0,"Revenue":2130.86,"Invoice_Date":"2017-07-26","Article_Number":"124238100","Article_Name":"FLAT PACKING DN25","Order_Form_ID":"5535db787756020501fdcf181608cdc8"},{"Customer_Name":"A","Calendar_week":30,"Amount":1.0,"PickAndPay":0,"Revenue":197.86,"Invoice_Date":"2017-07-26","Article_Number":"110991000","Article_Name":"PACKING CHARGES (CARTON) 200X200X80","Order_Form_ID":"5535db787756020501fdcf181608cdc8"},{"Customer_Name":"A","Calendar_week":31,"Amount":1.0,"PickAndPay":0,"Revenue":3003.65,"Invoice_Date":"2017-08-02","Article_Number":"111972100","Article_Name":"PLATE BL6X90X100","Order_Form_ID":"ea762f56b1d33c6b54def08119dec287"},{"Customer_Name":"A","Calendar_week":31,"Amount":1.0,"PickAndPay":0,"Revenue":197.86,"Invoice_Date":"2017-08-02","Article_Number":"110991000","Article_Name":"PACKING CHARGES (CARTON) 200X200X80","Order_Form_ID":"ea762f56b1d33c6b54def08119dec287"},{"Customer_Name":"A","Calendar_week":32,"Amount":1.0,"PickAndPay":1,"Revenue":2170.98,"Invoice_Date":"2017-08-07","Article_Number":"119826410","Article_Name":"STEAM HOSE 1\"X350MM","Order_Form_ID":"e3c21eb111334784c0c2bb43734ec045"},{"Customer_Name":"A","Calendar_week":32,"Amount":4.0,"PickAndPay":1,"Revenue":22534.26,"Invoice_Date":"2017-08-07","Article_Number":"105303965","Article_Name":"DISC CUT KNIFE 240X1,2\/0,35MM,20°","Order_Form_ID":"e3c21eb111334784c0c2bb43734ec045"},{"Customer_Name":"A","Calendar_week":32,"Amount":1.0,"PickAndPay":1,"Revenue":434.2,"Invoice_Date":"2017-08-07","Article_Number":"130343910","Article_Name":"PROXIMITY SWITCH 10-30VDC;PNP;M8","Order_Form_ID":"e3c21eb111334784c0c2bb43734ec045"},{"Customer_Name":"A","Calendar_week":32,"Amount":1.0,"PickAndPay":1,"Revenue":2143.5,"Invoice_Date":"2017-08-07","Article_Number":"163600425","Article_Name":"SCRAPER BLADE 2560X50X1,5","Order_Form_ID":"e3c21eb111334784c0c2bb43734ec045"},{"Customer_Name":"A","Calendar_week":32,"Amount":-1.0,"PickAndPay":1,"Revenue":-941.49,"Invoice_Date":"2017-08-09","Article_Number":"105073880","Article_Name":"KNIFE 2540X28X8 AB2500","Order_Form_ID":"89204e5fa11c4eb2938b72b9e19c1700"},{"Customer_Name":"A","Calendar_week":32,"Amount":-1.0,"PickAndPay":1,"Revenue":-941.49,"Invoice_Date":"2017-08-09","Article_Number":"105073780","Article_Name":"KNIFE 2540X32X8 AB2500","Order_Form_ID":"89204e5fa11c4eb2938b72b9e19c1700"},{"Customer_Name":"A","Calendar_week":32,"Amount":-1.0,"PickAndPay":1,"Revenue":-941.49,"Invoice_Date":"2017-08-09","Article_Number":"105073880","Article_Name":"KNIFE 2540X28X8 AB2500","Order_Form_ID":"945ba525b4ee0d212cbbfcd45a93d7d6"},{"Customer_Name":"A","Calendar_week":32,"Amount":-1.0,"PickAndPay":1,"Revenue":-941.49,"Invoice_Date":"2017-08-09","Article_Number":"105073780","Article_Name":"KNIFE 2540X32X8 AB2500","Order_Form_ID":"945ba525b4ee0d212cbbfcd45a93d7d6"},{"Customer_Name":"A","Calendar_week":34,"Amount":2.0,"PickAndPay":0,"Revenue":5642.08,"Invoice_Date":"2017-08-22","Article_Number":"100335702","Article_Name":"BACOMIN V42-50 UNIVERSAL 400ML","Order_Form_ID":"65877043c3025766765f869b4e5217b8"},{"Customer_Name":"A","Calendar_week":34,"Amount":20.0,"PickAndPay":0,"Revenue":5943.55,"Invoice_Date":"2017-08-22","Article_Number":"121606101","Article_Name":"RETURN SPRING","Order_Form_ID":"65877043c3025766765f869b4e5217b8"},{"Customer_Name":"A","Calendar_week":34,"Amount":20.0,"PickAndPay":0,"Revenue":5943.55,"Invoice_Date":"2017-08-22","Article_Number":"121606100","Article_Name":"RETURN SPRING","Order_Form_ID":"65877043c3025766765f869b4e5217b8"},{"Customer_Name":"A","Calendar_week":34,"Amount":1.0,"PickAndPay":0,"Revenue":197.86,"Invoice_Date":"2017-08-22","Article_Number":"118308700","Article_Name":"PACKING CHARGES (CARTON) 330X163X172 MM","Order_Form_ID":"65877043c3025766765f869b4e5217b8"},{"Customer_Name":"A","Calendar_week":35,"Amount":6.0,"PickAndPay":0,"Revenue":892.03,"Invoice_Date":"2017-08-31","Article_Number":"124238200","Article_Name":"FLAT PACKING DN50","Order_Form_ID":"db373803b6f985e62fa04db977bc09f4"},{"Customer_Name":"A","Calendar_week":35,"Amount":6.0,"PickAndPay":0,"Revenue":883.78,"Invoice_Date":"2017-08-31","Article_Number":"125252100","Article_Name":"FLAT PACKING DN40","Order_Form_ID":"db373803b6f985e62fa04db977bc09f4"},{"Customer_Name":"A","Calendar_week":35,"Amount":4.0,"PickAndPay":0,"Revenue":41444.63,"Invoice_Date":"2017-08-31","Article_Number":"102955400","Article_Name":"BRUSH 1X300X1300","Order_Form_ID":"db373803b6f985e62fa04db977bc09f4"},{"Customer_Name":"A","Calendar_week":35,"Amount":1.0,"PickAndPay":0,"Revenue":2748.08,"Invoice_Date":"2017-08-31","Article_Number":"V00000005","Article_Name":"PACKING CHARGES (BOX) 1540X540X340MM","Order_Form_ID":"db373803b6f985e62fa04db977bc09f4"},{"Customer_Name":"A","Calendar_week":36,"Amount":2.0,"PickAndPay":0,"Revenue":17674.01,"Invoice_Date":"2017-09-05","Article_Number":"117361000","Article_Name":"LUBRICATION FELT AB 2500","Order_Form_ID":"cf4707ad80310bffe60af3b34e31dcf1"},{"Customer_Name":"A","Calendar_week":36,"Amount":1.0,"PickAndPay":0,"Revenue":197.86,"Invoice_Date":"2017-09-05","Article_Number":"110991002","Article_Name":"PACKING CHARGES (CARTON) 300X300X200","Order_Form_ID":"cf4707ad80310bffe60af3b34e31dcf1"},{"Customer_Name":"A","Calendar_week":36,"Amount":1.0,"PickAndPay":0,"Revenue":3404.05,"Invoice_Date":"2017-09-07","Article_Number":"100335702","Article_Name":"BACOMIN V42-50 UNIVERSAL 400ML","Order_Form_ID":"844d308b571efc56fe820940e3f4f601"},{"Customer_Name":"A","Calendar_week":36,"Amount":1.0,"PickAndPay":0,"Revenue":197.86,"Invoice_Date":"2017-09-07","Article_Number":"118308700","Article_Name":"PACKING CHARGES (CARTON) 330X163X172 MM","Order_Form_ID":"844d308b571efc56fe820940e3f4f601"},{"Customer_Name":"A","Calendar_week":36,"Amount":50.0,"PickAndPay":1,"Revenue":11404.53,"Invoice_Date":"2017-09-07","Article_Number":"600700","Article_Name":"CONVEYOR BELT 80X 3","Order_Form_ID":"c57a7b33236a44e24678a5f02a0bc71a"},{"Customer_Name":"A","Calendar_week":36,"Amount":4.8,"PickAndPay":1,"Revenue":6727.3,"Invoice_Date":"2017-09-07","Article_Number":"148143400","Article_Name":"HOOK BELT FASTENER G006-SS-600W","Order_Form_ID":"c57a7b33236a44e24678a5f02a0bc71a"},{"Customer_Name":"A","Calendar_week":36,"Amount":2.0,"PickAndPay":1,"Revenue":868.39,"Invoice_Date":"2017-09-07","Article_Number":"131672130","Article_Name":"O-RING 37,69X3,53","Order_Form_ID":"c57a7b33236a44e24678a5f02a0bc71a"},{"Customer_Name":"A","Calendar_week":36,"Amount":500.0,"PickAndPay":1,"Revenue":9893.09,"Invoice_Date":"2017-09-07","Article_Number":"107254210","Article_Name":"FELT 46X35X10MM","Order_Form_ID":"c57a7b33236a44e24678a5f02a0bc71a"},{"Customer_Name":"A","Calendar_week":36,"Amount":6.0,"PickAndPay":1,"Revenue":33801.39,"Invoice_Date":"2017-09-07","Article_Number":"105303965","Article_Name":"DISC CUT KNIFE 240X1,2\/0,35MM,20°","Order_Form_ID":"c57a7b33236a44e24678a5f02a0bc71a"},{"Customer_Name":"A","Calendar_week":36,"Amount":16.0,"PickAndPay":1,"Revenue":9277.52,"Invoice_Date":"2017-09-07","Article_Number":"123052320","Article_Name":"NO-CRUSH-ROLLER 165X65X50","Order_Form_ID":"c57a7b33236a44e24678a5f02a0bc71a"},{"Customer_Name":"A","Calendar_week":36,"Amount":2.0,"PickAndPay":1,"Revenue":57489.85,"Invoice_Date":"2017-09-07","Article_Number":"105073880","Article_Name":"KNIFE 2540X28X8 AB2500","Order_Form_ID":"ae94db7524bc9e4332c76240c7b7076c"},{"Customer_Name":"A","Calendar_week":36,"Amount":2.0,"PickAndPay":1,"Revenue":57489.85,"Invoice_Date":"2017-09-07","Article_Number":"105073780","Article_Name":"KNIFE 2540X32X8 AB2500","Order_Form_ID":"ae94db7524bc9e4332c76240c7b7076c"},{"Customer_Name":"A","Calendar_week":37,"Amount":2.0,"PickAndPay":0,"Revenue":10908.23,"Invoice_Date":"2017-09-11","Article_Number":"125804600","Article_Name":"GAS PRESSURE SPRING D19\/H150\/F 200N","Order_Form_ID":"573f3dd653ff9eeaad484b95418ddeef"},{"Customer_Name":"A","Calendar_week":37,"Amount":1.0,"PickAndPay":0,"Revenue":197.86,"Invoice_Date":"2017-09-11","Article_Number":"110991002","Article_Name":"PACKING CHARGES (CARTON) 300X300X200","Order_Form_ID":"573f3dd653ff9eeaad484b95418ddeef"},{"Customer_Name":"A","Calendar_week":37,"Amount":2.0,"PickAndPay":0,"Revenue":4098.21,"Invoice_Date":"2017-09-11","Article_Number":"155448002","Article_Name":"BHS-ACTIVE DECALCER 2,5L","Order_Form_ID":"29624622d7ff96a23d34488459159c63"},{"Customer_Name":"A","Calendar_week":37,"Amount":1.0,"PickAndPay":0,"Revenue":197.86,"Invoice_Date":"2017-09-11","Article_Number":"110991002","Article_Name":"PACKING CHARGES (CARTON) 300X300X200","Order_Form_ID":"29624622d7ff96a23d34488459159c63"},{"Customer_Name":"A","Calendar_week":38,"Amount":5.0,"PickAndPay":0,"Revenue":5497.81,"Invoice_Date":"2017-09-20","Article_Number":"121092000","Article_Name":"POLISHING WHEEL 100X25","Order_Form_ID":"3e2f677eff1032ebcd1272a2d8a655e4"},{"Customer_Name":"A","Calendar_week":38,"Amount":3.0,"PickAndPay":0,"Revenue":1020.64,"Invoice_Date":"2017-09-20","Article_Number":"121092002","Article_Name":"POLISHING WHEEL AD200\/ID30-B5","Order_Form_ID":"3e2f677eff1032ebcd1272a2d8a655e4"},{"Customer_Name":"A","Calendar_week":38,"Amount":1.0,"PickAndPay":0,"Revenue":5420.31,"Invoice_Date":"2017-09-20","Article_Number":"173655500","Article_Name":"COLLET CHUCK","Order_Form_ID":"3e2f677eff1032ebcd1272a2d8a655e4"},{"Customer_Name":"A","Calendar_week":38,"Amount":1.0,"PickAndPay":0,"Revenue":197.86,"Invoice_Date":"2017-09-20","Article_Number":"110991002","Article_Name":"PACKING CHARGES (CARTON) 300X300X200","Order_Form_ID":"3e2f677eff1032ebcd1272a2d8a655e4"},{"Customer_Name":"A","Calendar_week":38,"Amount":4.0,"PickAndPay":0,"Revenue":3592.84,"Invoice_Date":"2017-09-21","Article_Number":"280447600","Article_Name":"PRESSURE SPRAYER 1,5 LITER","Order_Form_ID":"3cafc9620c3832fa229f70228af3944b"},{"Customer_Name":"A","Calendar_week":38,"Amount":1.0,"PickAndPay":0,"Revenue":197.86,"Invoice_Date":"2017-09-21","Article_Number":"110991003","Article_Name":"PACKING CHARGES (CARTON) 360X360X250","Order_Form_ID":"3cafc9620c3832fa229f70228af3944b"},{"Customer_Name":"A","Calendar_week":39,"Amount":11.0,"PickAndPay":1,"Revenue":61969.22,"Invoice_Date":"2017-09-25","Article_Number":"105303965","Article_Name":"DISC CUT KNIFE 240X1,2\/0,35MM,20°","Order_Form_ID":"50e632c9d3a53a322e5329c01b088856"},{"Customer_Name":"A","Calendar_week":39,"Amount":12.0,"PickAndPay":1,"Revenue":16620.39,"Invoice_Date":"2017-09-25","Article_Number":"105406991","Article_Name":"GRINDING WHEEL 50X11X19MM","Order_Form_ID":"50e632c9d3a53a322e5329c01b088856"},{"Customer_Name":"A","Calendar_week":39,"Amount":2.0,"PickAndPay":0,"Revenue":2974.52,"Invoice_Date":"2017-09-26","Article_Number":"109612501","Article_Name":"SEALING LEDGE 5,5X65X2600","Order_Form_ID":"546cb91ca7bc351df2831e09d3f70c59"},{"Customer_Name":"A","Calendar_week":39,"Amount":1.0,"PickAndPay":0,"Revenue":2673.33,"Invoice_Date":"2017-09-26","Article_Number":"180245600","Article_Name":"SHOE 62,5X62,5X50LG","Order_Form_ID":"546cb91ca7bc351df2831e09d3f70c59"},{"Customer_Name":"A","Calendar_week":39,"Amount":1.0,"PickAndPay":0,"Revenue":197.86,"Invoice_Date":"2017-09-26","Article_Number":"110991001","Article_Name":"PACKING CHARGES (CARTON) 200X200X150","Order_Form_ID":"546cb91ca7bc351df2831e09d3f70c59"},{"Customer_Name":"A","Calendar_week":39,"Amount":1.0,"PickAndPay":1,"Revenue":192.37,"Invoice_Date":"2017-09-26","Article_Number":"P030PA001","Article_Name":"PACKING","Order_Form_ID":"1584c0a8eabe6813cdc8bb6988bcde00"},{"Customer_Name":"A","Calendar_week":39,"Amount":1.0,"PickAndPay":1,"Revenue":1837.09,"Invoice_Date":"2017-09-26","Article_Number":"P030FR001","Article_Name":"FREIGHT CHARGES","Order_Form_ID":"1584c0a8eabe6813cdc8bb6988bcde00"},{"Customer_Name":"A","Calendar_week":39,"Amount":25.0,"PickAndPay":0,"Revenue":117661.82,"Invoice_Date":"2017-09-29","Article_Number":"199825801","Article_Name":"PERFLU V250 HIGH TEMP 25KG","Order_Form_ID":"9be5b917d398dc8c835313e2804b2e62"},{"Customer_Name":"A","Calendar_week":39,"Amount":25.0,"PickAndPay":0,"Revenue":77814.65,"Invoice_Date":"2017-09-29","Article_Number":"111742500","Article_Name":"BACOMIN V42-50 UNIVERSAL CORRULUB®","Order_Form_ID":"9be5b917d398dc8c835313e2804b2e62"},{"Customer_Name":"A","Calendar_week":39,"Amount":25.0,"PickAndPay":0,"Revenue":17962.28,"Invoice_Date":"2017-09-29","Article_Number":"111742601","Article_Name":"GREASE 1KG","Order_Form_ID":"9be5b917d398dc8c835313e2804b2e62"},{"Customer_Name":"A","Calendar_week":39,"Amount":1.0,"PickAndPay":0,"Revenue":1126.71,"Invoice_Date":"2017-09-29","Article_Number":"110680400","Article_Name":"PACKING CHARGES (PAL-BOX I) 830X580X680","Order_Form_ID":"9be5b917d398dc8c835313e2804b2e62"},{"Customer_Name":"A","Calendar_week":41,"Amount":26.0,"PickAndPay":1,"Revenue":15075.97,"Invoice_Date":"2017-10-13","Article_Number":"123052310","Article_Name":"NO-CRUSH-ROLLER 165X65X50","Order_Form_ID":"62894275bf8a340373a37b71f8a3ac64"},{"Customer_Name":"A","Calendar_week":41,"Amount":5.0,"PickAndPay":1,"Revenue":10030.49,"Invoice_Date":"2017-10-13","Article_Number":"103560703","Article_Name":"BELT 80X2450X3","Order_Form_ID":"62894275bf8a340373a37b71f8a3ac64"},{"Customer_Name":"A","Calendar_week":43,"Amount":2.0,"PickAndPay":0,"Revenue":100909.79,"Invoice_Date":"2017-10-24","Article_Number":"258526500","Article_Name":"CONVEYOR BELT 2700X 8290","Order_Form_ID":"4211f0b6e2a3c0ad5e415d6a83dc19c4"},{"Customer_Name":"A","Calendar_week":43,"Amount":1.0,"PickAndPay":0,"Revenue":39770.77,"Invoice_Date":"2017-10-24","Article_Number":"129734200","Article_Name":"CONVEYOR BELT 2700X 5270","Order_Form_ID":"4211f0b6e2a3c0ad5e415d6a83dc19c4"},{"Customer_Name":"A","Calendar_week":43,"Amount":3.0,"PickAndPay":0,"Revenue":11221.79,"Invoice_Date":"2017-10-24","Article_Number":"180280","Article_Name":"CONNECTING WIRE FOR BELT T 1,5 \/12 METER","Order_Form_ID":"4211f0b6e2a3c0ad5e415d6a83dc19c4"},{"Customer_Name":"A","Calendar_week":43,"Amount":1.0,"PickAndPay":0,"Revenue":412.21,"Invoice_Date":"2017-10-24","Article_Number":"V00000019","Article_Name":"PACKING CHARGES (EUR-PALLET) 1200X800X14","Order_Form_ID":"4211f0b6e2a3c0ad5e415d6a83dc19c4"},{"Customer_Name":"A","Calendar_week":43,"Amount":30.0,"PickAndPay":0,"Revenue":116641.73,"Invoice_Date":"2017-10-26","Article_Number":"511387.01","Article_Name":"BRUSH 2,0X400X510","Order_Form_ID":"cdedb4f47e976754ed525a7ad0834a13"},{"Customer_Name":"A","Calendar_week":43,"Amount":10.0,"PickAndPay":0,"Revenue":28781.47,"Invoice_Date":"2017-10-26","Article_Number":"102955404","Article_Name":"BRUSH 1,0X300X510","Order_Form_ID":"cdedb4f47e976754ed525a7ad0834a13"},{"Customer_Name":"A","Calendar_week":43,"Amount":1.0,"PickAndPay":0,"Revenue":1126.71,"Invoice_Date":"2017-10-26","Article_Number":"110680400","Article_Name":"PACKING CHARGES (PAL-BOX I) 830X580X680","Order_Form_ID":"cdedb4f47e976754ed525a7ad0834a13"},{"Customer_Name":"A","Calendar_week":47,"Amount":16.0,"PickAndPay":1,"Revenue":90137.04,"Invoice_Date":"2017-11-21","Article_Number":"105303965","Article_Name":"DISC CUT KNIFE 240X1,2\/0,35MM,20°","Order_Form_ID":"f70a90cb2297b27cab25909b2c8b08f5"},{"Customer_Name":"A","Calendar_week":47,"Amount":18.0,"PickAndPay":1,"Revenue":24930.59,"Invoice_Date":"2017-11-21","Article_Number":"105406991","Article_Name":"GRINDING WHEEL 50X11X19MM","Order_Form_ID":"f70a90cb2297b27cab25909b2c8b08f5"},{"Customer_Name":"A","Calendar_week":47,"Amount":2.0,"PickAndPay":1,"Revenue":868.39,"Invoice_Date":"2017-11-21","Article_Number":"131672130","Article_Name":"O-RING 37,69X3,53","Order_Form_ID":"f70a90cb2297b27cab25909b2c8b08f5"},{"Customer_Name":"A","Calendar_week":47,"Amount":1.0,"PickAndPay":1,"Revenue":192.37,"Invoice_Date":"2017-11-21","Article_Number":"P030PA001","Article_Name":"PACKING","Order_Form_ID":"b678225a2940e5febf22dcfcc818a11e"},{"Customer_Name":"A","Calendar_week":47,"Amount":1.0,"PickAndPay":1,"Revenue":2223.2,"Invoice_Date":"2017-11-21","Article_Number":"P030FR001","Article_Name":"FREIGHT CHARGES","Order_Form_ID":"b678225a2940e5febf22dcfcc818a11e"},{"Customer_Name":"A","Calendar_week":47,"Amount":1.0,"PickAndPay":1,"Revenue":1374.04,"Invoice_Date":"2017-11-22","Article_Number":"P030PA001","Article_Name":"PACKING","Order_Form_ID":"09dac0b8de718b9179354458169044ad"},{"Customer_Name":"A","Calendar_week":47,"Amount":1.0,"PickAndPay":1,"Revenue":3182.28,"Invoice_Date":"2017-11-22","Article_Number":"P030FR001","Article_Name":"FREIGHT CHARGES","Order_Form_ID":"09dac0b8de718b9179354458169044ad"},{"Customer_Name":"A","Calendar_week":47,"Amount":1.0,"PickAndPay":0,"Revenue":13960.25,"Invoice_Date":"2017-11-23","Article_Number":"123844610","Article_Name":"TRANSMITTER 11-27 VDC","Order_Form_ID":"b1e826b02ab39d6f8f082bb79f60def6"},{"Customer_Name":"A","Calendar_week":48,"Amount":2.0,"PickAndPay":0,"Revenue":6489.32,"Invoice_Date":"2017-11-28","Article_Number":"111657505","Article_Name":"LOCKING COUPLING NW=8 3\/8\"I-GEW.","Order_Form_ID":"f8fe91e11b555fe9ecc7b40f893792bb"},{"Customer_Name":"A","Calendar_week":48,"Amount":1.0,"PickAndPay":0,"Revenue":197.86,"Invoice_Date":"2017-11-28","Article_Number":"110991000","Article_Name":"PACKING CHARGES (CARTON) 200X200X80","Order_Form_ID":"f8fe91e11b555fe9ecc7b40f893792bb"},{"Customer_Name":"A","Calendar_week":52,"Amount":10.0,"PickAndPay":1,"Revenue":4314.49,"Invoice_Date":"2017-12-27","Article_Number":"114519400","Article_Name":"SUPPORT RING SG38.8X45X1.4G","Order_Form_ID":"a21a9c3aa84cc38a6c999e4562a97a98"},{"Customer_Name":"A","Calendar_week":52,"Amount":10.0,"PickAndPay":1,"Revenue":4341.97,"Invoice_Date":"2017-12-27","Article_Number":"131672130","Article_Name":"O-RING 37,69X3,53","Order_Form_ID":"a21a9c3aa84cc38a6c999e4562a97a98"},{"Customer_Name":"A","Calendar_week":52,"Amount":1.0,"PickAndPay":1,"Revenue":1566.41,"Invoice_Date":"2017-12-29","Article_Number":"P030PA001","Article_Name":"PACKING","Order_Form_ID":"e96f3a623cdf1be0abdc728312c3276d"},{"Customer_Name":"A","Calendar_week":52,"Amount":1.0,"PickAndPay":1,"Revenue":2750.83,"Invoice_Date":"2017-12-29","Article_Number":"P030FR001","Article_Name":"FREIGHT CHARGES","Order_Form_ID":"e96f3a623cdf1be0abdc728312c3276d"},{"Customer_Name":"A","Calendar_week":52,"Amount":1.0,"PickAndPay":1,"Revenue":197.86,"Invoice_Date":"2017-12-29","Article_Number":"P030PA001","Article_Name":"PACKING","Order_Form_ID":"df151aa516e43ed0c4a2f9c501061bd6"},{"Customer_Name":"A","Calendar_week":52,"Amount":1.0,"PickAndPay":1,"Revenue":2231.17,"Invoice_Date":"2017-12-29","Article_Number":"P030FR001","Article_Name":"FREIGHT CHARGES","Order_Form_ID":"df151aa516e43ed0c4a2f9c501061bd6"},{"Customer_Name":"A","Calendar_week":52,"Amount":1.0,"PickAndPay":1,"Revenue":197.86,"Invoice_Date":"2017-12-29","Article_Number":"P030PA001","Article_Name":"PACKING","Order_Form_ID":"680cf54d33f3cb7acaf233134c9c2c91"},{"Customer_Name":"A","Calendar_week":52,"Amount":1.0,"PickAndPay":1,"Revenue":475.42,"Invoice_Date":"2017-12-29","Article_Number":"P030FR001","Article_Name":"FREIGHT CHARGES","Order_Form_ID":"680cf54d33f3cb7acaf233134c9c2c91"},{"Customer_Name":"A","Calendar_week":1,"Amount":1.0,"PickAndPay":1,"Revenue":37841.07,"Invoice_Date":"2018-01-04","Article_Number":"181300","Article_Name":"ROTARY STEAM JOINT R 1 1\/4\"","Order_Form_ID":"0aa8457762479f6cc260dd40a45f76cc"},{"Customer_Name":"A","Calendar_week":1,"Amount":2.0,"PickAndPay":1,"Revenue":868.39,"Invoice_Date":"2018-01-04","Article_Number":"185620","Article_Name":"TOOTHED BELT HTD 30X8X640","Order_Form_ID":"0aa8457762479f6cc260dd40a45f76cc"},{"Customer_Name":"A","Calendar_week":1,"Amount":4.0,"PickAndPay":1,"Revenue":1505.95,"Invoice_Date":"2018-01-04","Article_Number":"104230500","Article_Name":"FOAM RUBBER 60X12X2600","Order_Form_ID":"0aa8457762479f6cc260dd40a45f76cc"},{"Customer_Name":"A","Calendar_week":1,"Amount":4.0,"PickAndPay":1,"Revenue":571.6,"Invoice_Date":"2018-01-04","Article_Number":"107408700","Article_Name":"FLAT SPRING 0,8X10X56","Order_Form_ID":"0aa8457762479f6cc260dd40a45f76cc"},{"Customer_Name":"A","Calendar_week":1,"Amount":1.0,"PickAndPay":1,"Revenue":4644.26,"Invoice_Date":"2018-01-04","Article_Number":"107988610","Article_Name":"TOOTHED BELT HTD 50X8MX2000 CXP","Order_Form_ID":"0aa8457762479f6cc260dd40a45f76cc"},{"Customer_Name":"A","Calendar_week":1,"Amount":2.0,"PickAndPay":1,"Revenue":3352.66,"Invoice_Date":"2018-01-04","Article_Number":"111125199","Article_Name":"GLUE DAM JOINT 3X128X197","Order_Form_ID":"0aa8457762479f6cc260dd40a45f76cc"},{"Customer_Name":"A","Calendar_week":1,"Amount":3.0,"PickAndPay":1,"Revenue":35120.47,"Invoice_Date":"2018-01-04","Article_Number":"114122600","Article_Name":"DIGITAL IN\/OUTPUT 6ES7 321-1BL00-0AA0","Order_Form_ID":"0aa8457762479f6cc260dd40a45f76cc"},{"Customer_Name":"A","Calendar_week":1,"Amount":12.0,"PickAndPay":1,"Revenue":5177.38,"Invoice_Date":"2018-01-04","Article_Number":"114519400","Article_Name":"SUPPORT RING SG38.8X45X1.4G","Order_Form_ID":"0aa8457762479f6cc260dd40a45f76cc"},{"Customer_Name":"A","Calendar_week":1,"Amount":3.0,"PickAndPay":1,"Revenue":15004.52,"Invoice_Date":"2018-01-04","Article_Number":"119814002","Article_Name":"LIMIT SWITCH SCHARNIER 3Ö","Order_Form_ID":"0aa8457762479f6cc260dd40a45f76cc"},{"Customer_Name":"A","Calendar_week":1,"Amount":2.0,"PickAndPay":1,"Revenue":163.24,"Invoice_Date":"2018-01-04","Article_Number":"122356100","Article_Name":"FLAT PACKING 1\"","Order_Form_ID":"0aa8457762479f6cc260dd40a45f76cc"},{"Customer_Name":"A","Calendar_week":1,"Amount":8.0,"PickAndPay":1,"Revenue":4660.74,"Invoice_Date":"2018-01-04","Article_Number":"122745004","Article_Name":"TOOTHED BELT 30X 5X 565","Order_Form_ID":"0aa8457762479f6cc260dd40a45f76cc"},{"Customer_Name":"A","Calendar_week":1,"Amount":10.0,"PickAndPay":1,"Revenue":816.18,"Invoice_Date":"2018-01-04","Article_Number":"124238100","Article_Name":"FLAT PACKING DN25","Order_Form_ID":"0aa8457762479f6cc260dd40a45f76cc"},{"Customer_Name":"A","Calendar_week":1,"Amount":1.0,"PickAndPay":1,"Revenue":7749.59,"Invoice_Date":"2018-01-04","Article_Number":"124295000","Article_Name":"DIGITAL IN\/OUTPUT DI16","Order_Form_ID":"0aa8457762479f6cc260dd40a45f76cc"},{"Customer_Name":"A","Calendar_week":1,"Amount":1.0,"PickAndPay":1,"Revenue":1319.08,"Invoice_Date":"2018-01-04","Article_Number":"127811051","Article_Name":"MODULE","Order_Form_ID":"0aa8457762479f6cc260dd40a45f76cc"},{"Customer_Name":"A","Calendar_week":1,"Amount":25.0,"PickAndPay":1,"Revenue":14083.91,"Invoice_Date":"2018-01-04","Article_Number":"136481820","Article_Name":"NO-CRUSH-ROLLER 180X65X50","Order_Form_ID":"0aa8457762479f6cc260dd40a45f76cc"},{"Customer_Name":"A","Calendar_week":1,"Amount":1.0,"PickAndPay":1,"Revenue":18522.06,"Invoice_Date":"2018-01-04","Article_Number":"155470330","Article_Name":"EMERGENCY STOP MODULE B45H84T121MM","Order_Form_ID":"0aa8457762479f6cc260dd40a45f76cc"},{"Customer_Name":"A","Calendar_week":1,"Amount":1.0,"PickAndPay":1,"Revenue":1566.41,"Invoice_Date":"2018-01-04","Article_Number":"163270925","Article_Name":"SCRAPER BLADE CORRUDUR® 2550X50X1,5","Order_Form_ID":"0aa8457762479f6cc260dd40a45f76cc"},{"Customer_Name":"A","Calendar_week":1,"Amount":12.0,"PickAndPay":1,"Revenue":4188.07,"Invoice_Date":"2018-01-04","Article_Number":"181300.02","Article_Name":"SEAL D116X99X2","Order_Form_ID":"0aa8457762479f6cc260dd40a45f76cc"},{"Customer_Name":"A","Calendar_week":1,"Amount":1.0,"PickAndPay":1,"Revenue":434.2,"Invoice_Date":"2018-01-04","Article_Number":"127811070","Article_Name":"SUB-RACK S7\/ET200S\/24VDC\/POWER","Order_Form_ID":"0aa8457762479f6cc260dd40a45f76cc"},{"Customer_Name":"A","Calendar_week":1,"Amount":1.0,"PickAndPay":1,"Revenue":434.2,"Invoice_Date":"2018-01-04","Article_Number":"127811031","Article_Name":"MODULE S7\/ET200S\/24VDC\/POWER","Order_Form_ID":"0aa8457762479f6cc260dd40a45f76cc"},{"Customer_Name":"A","Calendar_week":1,"Amount":1.0,"PickAndPay":1,"Revenue":961.83,"Invoice_Date":"2018-01-04","Article_Number":"105331800","Article_Name":"PROXIMITY SWITCH","Order_Form_ID":"0aa8457762479f6cc260dd40a45f76cc"},{"Customer_Name":"A","Calendar_week":1,"Amount":-1.0,"PickAndPay":1,"Revenue":-37841.07,"Invoice_Date":"2018-01-04","Article_Number":"181300","Article_Name":"ROTARY STEAM JOINT R 1 1\/4\"","Order_Form_ID":"1d33ef9264ed871b2c7d3c25b7e0bd5d"},{"Customer_Name":"A","Calendar_week":1,"Amount":-2.0,"PickAndPay":1,"Revenue":-868.39,"Invoice_Date":"2018-01-04","Article_Number":"185620","Article_Name":"TOOTHED BELT HTD 30X8X640","Order_Form_ID":"1d33ef9264ed871b2c7d3c25b7e0bd5d"},{"Customer_Name":"A","Calendar_week":1,"Amount":-4.0,"PickAndPay":1,"Revenue":-1505.95,"Invoice_Date":"2018-01-04","Article_Number":"104230500","Article_Name":"FOAM RUBBER 60X12X2600","Order_Form_ID":"1d33ef9264ed871b2c7d3c25b7e0bd5d"},{"Customer_Name":"A","Calendar_week":1,"Amount":-4.0,"PickAndPay":1,"Revenue":-571.6,"Invoice_Date":"2018-01-04","Article_Number":"107408700","Article_Name":"FLAT SPRING 0,8X10X56","Order_Form_ID":"1d33ef9264ed871b2c7d3c25b7e0bd5d"},{"Customer_Name":"A","Calendar_week":1,"Amount":-1.0,"PickAndPay":1,"Revenue":-4644.26,"Invoice_Date":"2018-01-04","Article_Number":"107988610","Article_Name":"TOOTHED BELT HTD 50X8MX2000 CXP","Order_Form_ID":"1d33ef9264ed871b2c7d3c25b7e0bd5d"},{"Customer_Name":"A","Calendar_week":1,"Amount":-2.0,"PickAndPay":1,"Revenue":-3352.66,"Invoice_Date":"2018-01-04","Article_Number":"111125199","Article_Name":"GLUE DAM JOINT 3X128X197","Order_Form_ID":"1d33ef9264ed871b2c7d3c25b7e0bd5d"},{"Customer_Name":"A","Calendar_week":1,"Amount":-3.0,"PickAndPay":1,"Revenue":-35120.47,"Invoice_Date":"2018-01-04","Article_Number":"114122600","Article_Name":"DIGITAL IN\/OUTPUT 6ES7 321-1BL00-0AA0","Order_Form_ID":"1d33ef9264ed871b2c7d3c25b7e0bd5d"},{"Customer_Name":"A","Calendar_week":1,"Amount":-12.0,"PickAndPay":1,"Revenue":-5177.38,"Invoice_Date":"2018-01-04","Article_Number":"114519400","Article_Name":"SUPPORT RING SG38.8X45X1.4G","Order_Form_ID":"1d33ef9264ed871b2c7d3c25b7e0bd5d"},{"Customer_Name":"A","Calendar_week":1,"Amount":-3.0,"PickAndPay":1,"Revenue":-15004.52,"Invoice_Date":"2018-01-04","Article_Number":"119814002","Article_Name":"LIMIT SWITCH SCHARNIER 3Ö","Order_Form_ID":"1d33ef9264ed871b2c7d3c25b7e0bd5d"},{"Customer_Name":"A","Calendar_week":1,"Amount":-2.0,"PickAndPay":1,"Revenue":-163.24,"Invoice_Date":"2018-01-04","Article_Number":"122356100","Article_Name":"FLAT PACKING 1\"","Order_Form_ID":"1d33ef9264ed871b2c7d3c25b7e0bd5d"},{"Customer_Name":"A","Calendar_week":1,"Amount":-8.0,"PickAndPay":1,"Revenue":-4660.74,"Invoice_Date":"2018-01-04","Article_Number":"122745004","Article_Name":"TOOTHED BELT 30X 5X 565","Order_Form_ID":"1d33ef9264ed871b2c7d3c25b7e0bd5d"},{"Customer_Name":"A","Calendar_week":1,"Amount":-10.0,"PickAndPay":1,"Revenue":-816.18,"Invoice_Date":"2018-01-04","Article_Number":"124238100","Article_Name":"FLAT PACKING DN25","Order_Form_ID":"1d33ef9264ed871b2c7d3c25b7e0bd5d"},{"Customer_Name":"A","Calendar_week":1,"Amount":-1.0,"PickAndPay":1,"Revenue":-7749.59,"Invoice_Date":"2018-01-04","Article_Number":"124295000","Article_Name":"DIGITAL IN\/OUTPUT DI16","Order_Form_ID":"1d33ef9264ed871b2c7d3c25b7e0bd5d"},{"Customer_Name":"A","Calendar_week":1,"Amount":-1.0,"PickAndPay":1,"Revenue":-1319.08,"Invoice_Date":"2018-01-04","Article_Number":"127811051","Article_Name":"MODULE","Order_Form_ID":"1d33ef9264ed871b2c7d3c25b7e0bd5d"},{"Customer_Name":"A","Calendar_week":1,"Amount":-25.0,"PickAndPay":1,"Revenue":-14083.91,"Invoice_Date":"2018-01-04","Article_Number":"136481820","Article_Name":"NO-CRUSH-ROLLER 180X65X50","Order_Form_ID":"1d33ef9264ed871b2c7d3c25b7e0bd5d"},{"Customer_Name":"A","Calendar_week":1,"Amount":-1.0,"PickAndPay":1,"Revenue":-18522.06,"Invoice_Date":"2018-01-04","Article_Number":"155470330","Article_Name":"EMERGENCY STOP MODULE B45H84T121MM","Order_Form_ID":"1d33ef9264ed871b2c7d3c25b7e0bd5d"},{"Customer_Name":"A","Calendar_week":1,"Amount":-1.0,"PickAndPay":1,"Revenue":-1566.41,"Invoice_Date":"2018-01-04","Article_Number":"163270925","Article_Name":"SCRAPER BLADE CORRUDUR® 2550X50X1,5","Order_Form_ID":"1d33ef9264ed871b2c7d3c25b7e0bd5d"},{"Customer_Name":"A","Calendar_week":1,"Amount":-12.0,"PickAndPay":1,"Revenue":-4188.07,"Invoice_Date":"2018-01-04","Article_Number":"181300.02","Article_Name":"SEAL D116X99X2","Order_Form_ID":"1d33ef9264ed871b2c7d3c25b7e0bd5d"},{"Customer_Name":"A","Calendar_week":1,"Amount":-1.0,"PickAndPay":1,"Revenue":-434.2,"Invoice_Date":"2018-01-04","Article_Number":"127811070","Article_Name":"SUB-RACK S7\/ET200S\/24VDC\/POWER","Order_Form_ID":"1d33ef9264ed871b2c7d3c25b7e0bd5d"},{"Customer_Name":"A","Calendar_week":1,"Amount":-1.0,"PickAndPay":1,"Revenue":-434.2,"Invoice_Date":"2018-01-04","Article_Number":"127811031","Article_Name":"MODULE S7\/ET200S\/24VDC\/POWER","Order_Form_ID":"1d33ef9264ed871b2c7d3c25b7e0bd5d"},{"Customer_Name":"A","Calendar_week":1,"Amount":-1.0,"PickAndPay":1,"Revenue":-961.83,"Invoice_Date":"2018-01-04","Article_Number":"105331800","Article_Name":"PROXIMITY SWITCH","Order_Form_ID":"1d33ef9264ed871b2c7d3c25b7e0bd5d"},{"Customer_Name":"A","Calendar_week":1,"Amount":1.0,"PickAndPay":1,"Revenue":30860.94,"Invoice_Date":"2018-01-05","Article_Number":"181300","Article_Name":"ROTARY STEAM JOINT R 1 1\/4\"","Order_Form_ID":"537a842934028d431f8960e326ed7369"},{"Customer_Name":"A","Calendar_week":1,"Amount":2.0,"PickAndPay":1,"Revenue":868.39,"Invoice_Date":"2018-01-05","Article_Number":"185620","Article_Name":"TOOTHED BELT HTD 30X8X640","Order_Form_ID":"537a842934028d431f8960e326ed7369"},{"Customer_Name":"A","Calendar_week":1,"Amount":4.0,"PickAndPay":1,"Revenue":1505.95,"Invoice_Date":"2018-01-05","Article_Number":"104230500","Article_Name":"FOAM RUBBER 60X12X2600","Order_Form_ID":"537a842934028d431f8960e326ed7369"},{"Customer_Name":"A","Calendar_week":1,"Amount":4.0,"PickAndPay":1,"Revenue":571.6,"Invoice_Date":"2018-01-05","Article_Number":"107408700","Article_Name":"FLAT SPRING 0,8X10X56","Order_Form_ID":"537a842934028d431f8960e326ed7369"},{"Customer_Name":"A","Calendar_week":1,"Amount":1.0,"PickAndPay":1,"Revenue":4644.26,"Invoice_Date":"2018-01-05","Article_Number":"107988610","Article_Name":"TOOTHED BELT HTD 50X8MX2000 CXP","Order_Form_ID":"537a842934028d431f8960e326ed7369"},{"Customer_Name":"A","Calendar_week":1,"Amount":2.0,"PickAndPay":1,"Revenue":3352.66,"Invoice_Date":"2018-01-05","Article_Number":"111125199","Article_Name":"GLUE DAM JOINT 3X128X197","Order_Form_ID":"537a842934028d431f8960e326ed7369"},{"Customer_Name":"A","Calendar_week":1,"Amount":3.0,"PickAndPay":1,"Revenue":35120.47,"Invoice_Date":"2018-01-05","Article_Number":"114122600","Article_Name":"DIGITAL IN\/OUTPUT 6ES7 321-1BL00-0AA0","Order_Form_ID":"537a842934028d431f8960e326ed7369"},{"Customer_Name":"A","Calendar_week":1,"Amount":12.0,"PickAndPay":1,"Revenue":5177.38,"Invoice_Date":"2018-01-05","Article_Number":"114519400","Article_Name":"SUPPORT RING SG38.8X45X1.4G","Order_Form_ID":"537a842934028d431f8960e326ed7369"},{"Customer_Name":"A","Calendar_week":1,"Amount":3.0,"PickAndPay":1,"Revenue":15004.52,"Invoice_Date":"2018-01-05","Article_Number":"119814002","Article_Name":"LIMIT SWITCH SCHARNIER 3Ö","Order_Form_ID":"537a842934028d431f8960e326ed7369"},{"Customer_Name":"A","Calendar_week":1,"Amount":2.0,"PickAndPay":1,"Revenue":163.24,"Invoice_Date":"2018-01-05","Article_Number":"122356100","Article_Name":"FLAT PACKING 1\"","Order_Form_ID":"537a842934028d431f8960e326ed7369"},{"Customer_Name":"A","Calendar_week":1,"Amount":8.0,"PickAndPay":1,"Revenue":4660.74,"Invoice_Date":"2018-01-05","Article_Number":"122745004","Article_Name":"TOOTHED BELT 30X 5X 565","Order_Form_ID":"537a842934028d431f8960e326ed7369"},{"Customer_Name":"A","Calendar_week":1,"Amount":10.0,"PickAndPay":1,"Revenue":816.18,"Invoice_Date":"2018-01-05","Article_Number":"124238100","Article_Name":"FLAT PACKING DN25","Order_Form_ID":"537a842934028d431f8960e326ed7369"},{"Customer_Name":"A","Calendar_week":1,"Amount":1.0,"PickAndPay":1,"Revenue":7749.59,"Invoice_Date":"2018-01-05","Article_Number":"124295000","Article_Name":"DIGITAL IN\/OUTPUT DI16","Order_Form_ID":"537a842934028d431f8960e326ed7369"},{"Customer_Name":"A","Calendar_week":1,"Amount":1.0,"PickAndPay":1,"Revenue":1319.08,"Invoice_Date":"2018-01-05","Article_Number":"127811051","Article_Name":"MODULE","Order_Form_ID":"537a842934028d431f8960e326ed7369"},{"Customer_Name":"A","Calendar_week":1,"Amount":25.0,"PickAndPay":1,"Revenue":14083.91,"Invoice_Date":"2018-01-05","Article_Number":"136481820","Article_Name":"NO-CRUSH-ROLLER 180X65X50","Order_Form_ID":"537a842934028d431f8960e326ed7369"},{"Customer_Name":"A","Calendar_week":1,"Amount":1.0,"PickAndPay":1,"Revenue":18522.06,"Invoice_Date":"2018-01-05","Article_Number":"155470330","Article_Name":"EMERGENCY STOP MODULE B45H84T121MM","Order_Form_ID":"537a842934028d431f8960e326ed7369"},{"Customer_Name":"A","Calendar_week":1,"Amount":1.0,"PickAndPay":1,"Revenue":1566.41,"Invoice_Date":"2018-01-05","Article_Number":"163270925","Article_Name":"SCRAPER BLADE CORRUDUR® 2550X50X1,5","Order_Form_ID":"537a842934028d431f8960e326ed7369"},{"Customer_Name":"A","Calendar_week":1,"Amount":12.0,"PickAndPay":1,"Revenue":4188.07,"Invoice_Date":"2018-01-05","Article_Number":"181300.02","Article_Name":"SEAL D116X99X2","Order_Form_ID":"537a842934028d431f8960e326ed7369"},{"Customer_Name":"A","Calendar_week":1,"Amount":1.0,"PickAndPay":1,"Revenue":434.2,"Invoice_Date":"2018-01-05","Article_Number":"127811070","Article_Name":"SUB-RACK S7\/ET200S\/24VDC\/POWER","Order_Form_ID":"537a842934028d431f8960e326ed7369"},{"Customer_Name":"A","Calendar_week":1,"Amount":1.0,"PickAndPay":1,"Revenue":434.2,"Invoice_Date":"2018-01-05","Article_Number":"127811031","Article_Name":"MODULE S7\/ET200S\/24VDC\/POWER","Order_Form_ID":"537a842934028d431f8960e326ed7369"},{"Customer_Name":"A","Calendar_week":1,"Amount":1.0,"PickAndPay":1,"Revenue":961.83,"Invoice_Date":"2018-01-05","Article_Number":"105331800","Article_Name":"PROXIMITY SWITCH","Order_Form_ID":"537a842934028d431f8960e326ed7369"},{"Customer_Name":"A","Calendar_week":3,"Amount":2.0,"PickAndPay":0,"Revenue":2162.74,"Invoice_Date":"2018-01-17","Article_Number":"147674801","Article_Name":"CLAMP 28X12X98","Order_Form_ID":"6e6e7e55d87d299e808dbb210daf5d6c"},{"Customer_Name":"A","Calendar_week":3,"Amount":2.0,"PickAndPay":0,"Revenue":7320.89,"Invoice_Date":"2018-01-17","Article_Number":"114687601","Article_Name":"PNEUMATIC CYLINDER","Order_Form_ID":"6e6e7e55d87d299e808dbb210daf5d6c"},{"Customer_Name":"A","Calendar_week":3,"Amount":1.0,"PickAndPay":0,"Revenue":197.86,"Invoice_Date":"2018-01-17","Article_Number":"110991000","Article_Name":"PACKING CHARGES (CARTON) 200X200X80","Order_Form_ID":"6e6e7e55d87d299e808dbb210daf5d6c"},{"Customer_Name":"A","Calendar_week":3,"Amount":4.0,"PickAndPay":0,"Revenue":3532.38,"Invoice_Date":"2018-01-18","Article_Number":"328100","Article_Name":"SCRAPER 3X80X75X2","Order_Form_ID":"b9e394cc3e415c6348137223ddb16917"},{"Customer_Name":"A","Calendar_week":3,"Amount":1.0,"PickAndPay":0,"Revenue":197.86,"Invoice_Date":"2018-01-18","Article_Number":"110991000","Article_Name":"PACKING CHARGES (CARTON) 200X200X80","Order_Form_ID":"b9e394cc3e415c6348137223ddb16917"},{"Customer_Name":"A","Calendar_week":3,"Amount":2.0,"PickAndPay":0,"Revenue":20471.0,"Invoice_Date":"2018-01-18","Article_Number":"102955400","Article_Name":"BRUSH 1X300X1300","Order_Form_ID":"122bc391a84fbbe41fd3620824306069"},{"Customer_Name":"A","Calendar_week":3,"Amount":10.0,"PickAndPay":0,"Revenue":71604.81,"Invoice_Date":"2018-01-18","Article_Number":"206103704","Article_Name":"BRUSH 1,5X250X510","Order_Form_ID":"122bc391a84fbbe41fd3620824306069"},{"Customer_Name":"A","Calendar_week":3,"Amount":1.0,"PickAndPay":0,"Revenue":2748.08,"Invoice_Date":"2018-01-18","Article_Number":"V00000005","Article_Name":"PACKING CHARGES (BOX) 1540X540X340MM","Order_Form_ID":"122bc391a84fbbe41fd3620824306069"},{"Customer_Name":"A","Calendar_week":4,"Amount":2.0,"PickAndPay":0,"Revenue":18498.43,"Invoice_Date":"2018-01-23","Article_Number":"109980120","Article_Name":"POTENTIOMETER 1KOHM\/1000MM","Order_Form_ID":"d6c5046acbf9f323b852c2240e0087cc"},{"Customer_Name":"A","Calendar_week":4,"Amount":1.0,"PickAndPay":0,"Revenue":197.86,"Invoice_Date":"2018-01-23","Article_Number":"110991002","Article_Name":"PACKING CHARGES (CARTON) 300X300X200","Order_Form_ID":"d6c5046acbf9f323b852c2240e0087cc"},{"Customer_Name":"A","Calendar_week":4,"Amount":1.0,"PickAndPay":0,"Revenue":53587.57,"Invoice_Date":"2018-01-24","Article_Number":"851032916","Article_Name":"HELICAL GEARED MOTOR 5,2KW 120NM","Order_Form_ID":"d16cae70219d77687025d48bed33be1b"},{"Customer_Name":"A","Calendar_week":4,"Amount":1.0,"PickAndPay":0,"Revenue":68674.53,"Invoice_Date":"2018-01-24","Article_Number":"P030FR001","Article_Name":"FREIGHT CHARGES","Order_Form_ID":"d16cae70219d77687025d48bed33be1b"},{"Customer_Name":"A","Calendar_week":5,"Amount":1.0,"PickAndPay":1,"Revenue":39.57,"Invoice_Date":"2018-02-02","Article_Number":"150011","Article_Name":"FLAT PACKING 3\/4\"\/ 27X38X2","Order_Form_ID":"245de309b77c1ce74547b2ab9ca246e3"},{"Customer_Name":"A","Calendar_week":5,"Amount":3.0,"PickAndPay":1,"Revenue":118.72,"Invoice_Date":"2018-02-02","Article_Number":"150015","Article_Name":"FLAT PACKING 41X55X2","Order_Form_ID":"245de309b77c1ce74547b2ab9ca246e3"},{"Customer_Name":"A","Calendar_week":5,"Amount":1.0,"PickAndPay":1,"Revenue":409.46,"Invoice_Date":"2018-02-02","Article_Number":"508777","Article_Name":"SEALING RING 50X99X2","Order_Form_ID":"245de309b77c1ce74547b2ab9ca246e3"},{"Customer_Name":"A","Calendar_week":5,"Amount":25.0,"PickAndPay":1,"Revenue":21160.22,"Invoice_Date":"2018-02-02","Article_Number":"104581529","Article_Name":"SEALING RING 60X  50X  7","Order_Form_ID":"245de309b77c1ce74547b2ab9ca246e3"},{"Customer_Name":"A","Calendar_week":5,"Amount":36.0,"PickAndPay":1,"Revenue":22853.04,"Invoice_Date":"2018-02-02","Article_Number":"104581595","Article_Name":"BRAKE LINING CORRUDUR® 64X5X10","Order_Form_ID":"245de309b77c1ce74547b2ab9ca246e3"},{"Customer_Name":"A","Calendar_week":5,"Amount":6.0,"PickAndPay":1,"Revenue":517.74,"Invoice_Date":"2018-02-02","Article_Number":"106566766","Article_Name":"LOCKING PLATE FUER D=16","Order_Form_ID":"245de309b77c1ce74547b2ab9ca246e3"},{"Customer_Name":"A","Calendar_week":5,"Amount":400.0,"PickAndPay":1,"Revenue":7914.47,"Invoice_Date":"2018-02-02","Article_Number":"107254210","Article_Name":"FELT 46X35X10MM","Order_Form_ID":"245de309b77c1ce74547b2ab9ca246e3"},{"Customer_Name":"A","Calendar_week":5,"Amount":2.0,"PickAndPay":1,"Revenue":5770.97,"Invoice_Date":"2018-02-02","Article_Number":"111125303","Article_Name":"GLUE DAM JOINT 3X260X220","Order_Form_ID":"245de309b77c1ce74547b2ab9ca246e3"},{"Customer_Name":"A","Calendar_week":5,"Amount":6.0,"PickAndPay":1,"Revenue":489.71,"Invoice_Date":"2018-02-02","Article_Number":"113869700","Article_Name":"FLAT PACKING 32 X 43  X 2","Order_Form_ID":"245de309b77c1ce74547b2ab9ca246e3"},{"Customer_Name":"A","Calendar_week":5,"Amount":9.0,"PickAndPay":1,"Revenue":5218.61,"Invoice_Date":"2018-02-02","Article_Number":"123052310","Article_Name":"NO-CRUSH-ROLLER 165X65X50","Order_Form_ID":"245de309b77c1ce74547b2ab9ca246e3"},{"Customer_Name":"A","Calendar_week":5,"Amount":16.0,"PickAndPay":1,"Revenue":9277.52,"Invoice_Date":"2018-02-02","Article_Number":"123052320","Article_Name":"NO-CRUSH-ROLLER 165X65X50","Order_Form_ID":"245de309b77c1ce74547b2ab9ca246e3"},{"Customer_Name":"A","Calendar_week":5,"Amount":5.0,"PickAndPay":1,"Revenue":409.46,"Invoice_Date":"2018-02-02","Article_Number":"123596200","Article_Name":"SPACER RING L49XID70XW4","Order_Form_ID":"245de309b77c1ce74547b2ab9ca246e3"},{"Customer_Name":"A","Calendar_week":5,"Amount":2.0,"PickAndPay":1,"Revenue":5770.97,"Invoice_Date":"2018-02-02","Article_Number":"127811052","Article_Name":"DIGITAL IN\/OUTPUT","Order_Form_ID":"245de309b77c1ce74547b2ab9ca246e3"},{"Customer_Name":"A","Calendar_week":5,"Amount":1.0,"PickAndPay":1,"Revenue":434.2,"Invoice_Date":"2018-02-02","Article_Number":"130343910","Article_Name":"PROXIMITY SWITCH 10-30VDC;PNP;M8","Order_Form_ID":"245de309b77c1ce74547b2ab9ca246e3"},{"Customer_Name":"A","Calendar_week":5,"Amount":1.0,"PickAndPay":1,"Revenue":434.2,"Invoice_Date":"2018-02-02","Article_Number":"131672130","Article_Name":"O-RING 37,69X3,53","Order_Form_ID":"245de309b77c1ce74547b2ab9ca246e3"},{"Customer_Name":"A","Calendar_week":5,"Amount":9.0,"PickAndPay":1,"Revenue":2250.68,"Invoice_Date":"2018-02-02","Article_Number":"142697106","Article_Name":"FLAT SPRING 0,5X10X17X116","Order_Form_ID":"245de309b77c1ce74547b2ab9ca246e3"},{"Customer_Name":"A","Calendar_week":5,"Amount":1.0,"PickAndPay":1,"Revenue":648.55,"Invoice_Date":"2018-02-02","Article_Number":"287805700","Article_Name":"PROXIMITY SWITCH 10-30VDC\/M12\/PNP\/2MM","Order_Form_ID":"245de309b77c1ce74547b2ab9ca246e3"},{"Customer_Name":"A","Calendar_week":6,"Amount":1.0,"PickAndPay":0,"Revenue":41014.55,"Invoice_Date":"2018-02-06","Article_Number":"118664601","Article_Name":"SERVOMOTOR 2,8KW\/7,5NM\/3252U\/MIN","Order_Form_ID":"02a1e84356132247f490279b937599b2"},{"Customer_Name":"A","Calendar_week":6,"Amount":1.0,"PickAndPay":0,"Revenue":81119.77,"Invoice_Date":"2018-02-06","Article_Number":"152802103","Article_Name":"KNIFE","Order_Form_ID":"02a1e84356132247f490279b937599b2"},{"Customer_Name":"A","Calendar_week":6,"Amount":1.0,"PickAndPay":0,"Revenue":2473.27,"Invoice_Date":"2018-02-06","Article_Number":"V00000012","Article_Name":"PACKING CHARGES (BOX) 790X380X380MM","Order_Form_ID":"02a1e84356132247f490279b937599b2"},{"Customer_Name":"A","Calendar_week":6,"Amount":21.0,"PickAndPay":1,"Revenue":118304.87,"Invoice_Date":"2018-02-07","Article_Number":"105303965","Article_Name":"DISC CUT KNIFE 240X1,2\/0,35MM,20°","Order_Form_ID":"2e4d2acf5033cc9314eb2deaf551b2c9"},{"Customer_Name":"A","Calendar_week":6,"Amount":33.0,"PickAndPay":0,"Revenue":34984.17,"Invoice_Date":"2018-02-08","Article_Number":"108508399","Article_Name":"PRESSURE SHOE, COMPLETE","Order_Form_ID":"f82ab9b556ad3cee9d0d807cd3ee86ba"},{"Customer_Name":"A","Calendar_week":6,"Amount":2.0,"PickAndPay":0,"Revenue":20691.4,"Invoice_Date":"2018-02-08","Article_Number":"102955400","Article_Name":"BRUSH 1X300X1300","Order_Form_ID":"f82ab9b556ad3cee9d0d807cd3ee86ba"},{"Customer_Name":"A","Calendar_week":6,"Amount":36.0,"PickAndPay":0,"Revenue":10917.3,"Invoice_Date":"2018-02-08","Article_Number":"121092002","Article_Name":"POLISHING WHEEL AD200\/ID30-B5","Order_Form_ID":"f82ab9b556ad3cee9d0d807cd3ee86ba"},{"Customer_Name":"A","Calendar_week":6,"Amount":1.0,"PickAndPay":0,"Revenue":2748.08,"Invoice_Date":"2018-02-08","Article_Number":"V00000005","Article_Name":"PACKING CHARGES (BOX) 1540X540X340MM","Order_Form_ID":"f82ab9b556ad3cee9d0d807cd3ee86ba"},{"Customer_Name":"A","Calendar_week":6,"Amount":1.0,"PickAndPay":1,"Revenue":7859.51,"Invoice_Date":"2018-02-09","Article_Number":"107969300","Article_Name":"EMERGENCY STOP MODULE 24VDC\/220VAC","Order_Form_ID":"83a5e10a22bb5646b384ff45bc905b70"},{"Customer_Name":"A","Calendar_week":6,"Amount":37.0,"PickAndPay":1,"Revenue":202341.17,"Invoice_Date":"2018-02-09","Article_Number":"105303965","Article_Name":"DISC CUT KNIFE 240X1,2\/0,35MM,20°","Order_Form_ID":"83a5e10a22bb5646b384ff45bc905b70"},{"Customer_Name":"A","Calendar_week":6,"Amount":15.0,"PickAndPay":1,"Revenue":20198.39,"Invoice_Date":"2018-02-09","Article_Number":"105406991","Article_Name":"GRINDING WHEEL 50X11X19MM","Order_Form_ID":"83a5e10a22bb5646b384ff45bc905b70"},{"Customer_Name":"A","Calendar_week":6,"Amount":1.0,"PickAndPay":1,"Revenue":79.42,"Invoice_Date":"2018-02-09","Article_Number":"137663","Article_Name":"RADIAL SHAFT SEAL A  80,0X100X10","Order_Form_ID":"7e58fb24336d9288b6c7314cd89ba690"},{"Customer_Name":"A","Calendar_week":6,"Amount":1.0,"PickAndPay":1,"Revenue":79.42,"Invoice_Date":"2018-02-09","Article_Number":"137782","Article_Name":"RADIAL SHAFT SEAL A  55,0X 70X 8","Order_Form_ID":"7e58fb24336d9288b6c7314cd89ba690"},{"Customer_Name":"A","Calendar_week":6,"Amount":1.0,"PickAndPay":1,"Revenue":1264.12,"Invoice_Date":"2018-02-09","Article_Number":"114506600","Article_Name":"CONTACTOR","Order_Form_ID":"7e58fb24336d9288b6c7314cd89ba690"},{"Customer_Name":"A","Calendar_week":7,"Amount":1.0,"PickAndPay":1,"Revenue":2147.35,"Invoice_Date":"2018-02-13","Article_Number":"P030FR001","Article_Name":"FREIGHT CHARGES","Order_Form_ID":"161970a593680b32af2b5b91f16add64"},{"Customer_Name":"A","Calendar_week":7,"Amount":1.0,"PickAndPay":1,"Revenue":192.37,"Invoice_Date":"2018-02-13","Article_Number":"P030PA001","Article_Name":"PACKING","Order_Form_ID":"161970a593680b32af2b5b91f16add64"},{"Customer_Name":"A","Calendar_week":7,"Amount":1.0,"PickAndPay":0,"Revenue":175388.55,"Invoice_Date":"2018-02-15","Article_Number":"172863820","Article_Name":"CONTROL BLOCK","Order_Form_ID":"ef07a78222205b086b46218261870583"},{"Customer_Name":"A","Calendar_week":7,"Amount":1.0,"PickAndPay":0,"Revenue":31873.06,"Invoice_Date":"2018-02-15","Article_Number":"111475620","Article_Name":"HYDRAULIC CYLINDER 40X70-R3\/8\"","Order_Form_ID":"ef07a78222205b086b46218261870583"},{"Customer_Name":"A","Calendar_week":7,"Amount":1.0,"PickAndPay":0,"Revenue":1126.71,"Invoice_Date":"2018-02-15","Article_Number":"110680400","Article_Name":"PACKING CHARGES (PAL-BOX I) 830X580X680","Order_Form_ID":"ef07a78222205b086b46218261870583"},{"Customer_Name":"A","Calendar_week":8,"Amount":4.0,"PickAndPay":0,"Revenue":8975.78,"Invoice_Date":"2018-02-22","Article_Number":"107021631","Article_Name":"SAFETY BOLT 30X180","Order_Form_ID":"23ab47aa831b8342d5f138bf644395e8"},{"Customer_Name":"A","Calendar_week":8,"Amount":1.0,"PickAndPay":0,"Revenue":197.86,"Invoice_Date":"2018-02-22","Article_Number":"110991000","Article_Name":"PACKING CHARGES (CARTON) 200X200X80","Order_Form_ID":"23ab47aa831b8342d5f138bf644395e8"},{"Customer_Name":"A","Calendar_week":9,"Amount":1.0,"PickAndPay":0,"Revenue":183807.02,"Invoice_Date":"2018-02-28","Article_Number":"144655982","Article_Name":"DC CONTROLLER 182KW \/ 350A","Order_Form_ID":"8c77bf7ecc9ace0769083c44e20487ed"},{"Customer_Name":"A","Calendar_week":9,"Amount":1.0,"PickAndPay":0,"Revenue":391.05,"Invoice_Date":"2018-02-28","Article_Number":"144015401","Article_Name":"RELAY SYSTEM","Order_Form_ID":"8c77bf7ecc9ace0769083c44e20487ed"},{"Customer_Name":"A","Calendar_week":9,"Amount":12.0,"PickAndPay":0,"Revenue":24228.18,"Invoice_Date":"2018-02-28","Article_Number":"108390410","Article_Name":"CARBON BRUSH","Order_Form_ID":"8c77bf7ecc9ace0769083c44e20487ed"},{"Customer_Name":"A","Calendar_week":9,"Amount":1.0,"PickAndPay":0,"Revenue":21979.15,"Invoice_Date":"2018-02-28","Article_Number":"171596","Article_Name":"TACHOGENERATOR 60V\/1000UPM\/56KW","Order_Form_ID":"8c77bf7ecc9ace0769083c44e20487ed"},{"Customer_Name":"A","Calendar_week":9,"Amount":1.0,"PickAndPay":0,"Revenue":68655.57,"Invoice_Date":"2018-02-28","Article_Number":"P030FR001","Article_Name":"FREIGHT CHARGES","Order_Form_ID":"8c77bf7ecc9ace0769083c44e20487ed"},{"Customer_Name":"A","Calendar_week":10,"Amount":50.0,"PickAndPay":1,"Revenue":26196.08,"Invoice_Date":"2018-03-08","Article_Number":"136481820","Article_Name":"NO-CRUSH-ROLLER 180X65X50","Order_Form_ID":"1dbaf7b247346a4dbe676afe7af269b4"},{"Customer_Name":"A","Calendar_week":10,"Amount":1.0,"PickAndPay":1,"Revenue":2760.72,"Invoice_Date":"2018-03-09","Article_Number":"P030FR001","Article_Name":"FREIGHT CHARGES","Order_Form_ID":"5cf75da1cab583801d7182bf181464ea"},{"Customer_Name":"A","Calendar_week":10,"Amount":1.0,"PickAndPay":1,"Revenue":197.86,"Invoice_Date":"2018-03-09","Article_Number":"P030PA001","Article_Name":"PACKING","Order_Form_ID":"5cf75da1cab583801d7182bf181464ea"},{"Customer_Name":"A","Calendar_week":11,"Amount":1.0,"PickAndPay":0,"Revenue":39792.48,"Invoice_Date":"2018-03-13","Article_Number":"115168420","Article_Name":"HYDRAULIC CYLINDER 50X50-R1\/2\"","Order_Form_ID":"14ce53fcf05264221fbb00165a3b1d10"},{"Customer_Name":"A","Calendar_week":11,"Amount":1.0,"PickAndPay":0,"Revenue":55970.16,"Invoice_Date":"2018-03-13","Article_Number":"114693992","Article_Name":"4\/4 WAY VALVE NG 6","Order_Form_ID":"14ce53fcf05264221fbb00165a3b1d10"},{"Customer_Name":"A","Calendar_week":11,"Amount":1.0,"PickAndPay":0,"Revenue":35907.79,"Invoice_Date":"2018-03-13","Article_Number":"112614200","Article_Name":"CONVERTER 24 VDC","Order_Form_ID":"14ce53fcf05264221fbb00165a3b1d10"},{"Customer_Name":"A","Calendar_week":11,"Amount":1.0,"PickAndPay":0,"Revenue":26730.03,"Invoice_Date":"2018-03-13","Article_Number":"P030FR001","Article_Name":"FREIGHT CHARGES","Order_Form_ID":"14ce53fcf05264221fbb00165a3b1d10"},{"Customer_Name":"A","Calendar_week":11,"Amount":1.0,"PickAndPay":0,"Revenue":5954.54,"Invoice_Date":"2018-03-14","Article_Number":"105222105","Article_Name":"SUSPENSION 70X30X240","Order_Form_ID":"0b884d6f06b5c356f181454f25aeaf5f"},{"Customer_Name":"A","Calendar_week":11,"Amount":1.0,"PickAndPay":0,"Revenue":5954.82,"Invoice_Date":"2018-03-14","Article_Number":"105222104","Article_Name":"SUSPENSION 70X30X240","Order_Form_ID":"0b884d6f06b5c356f181454f25aeaf5f"},{"Customer_Name":"A","Calendar_week":11,"Amount":1.0,"PickAndPay":0,"Revenue":197.86,"Invoice_Date":"2018-03-14","Article_Number":"118308700","Article_Name":"PACKING CHARGES (CARTON) 330X163X172 MM","Order_Form_ID":"0b884d6f06b5c356f181454f25aeaf5f"},{"Customer_Name":"A","Calendar_week":12,"Amount":4.0,"PickAndPay":0,"Revenue":80.24,"Invoice_Date":"2018-03-23","Article_Number":"105224100","Article_Name":"RETAINER RING 47X1,5","Order_Form_ID":"02fab84ecd85bcde646669a764a08927"},{"Customer_Name":"A","Calendar_week":12,"Amount":1.0,"PickAndPay":0,"Revenue":2056.39,"Invoice_Date":"2018-03-23","Article_Number":"105228600","Article_Name":"BOLT 6KT.46X106,7","Order_Form_ID":"02fab84ecd85bcde646669a764a08927"},{"Customer_Name":"A","Calendar_week":12,"Amount":1.0,"PickAndPay":0,"Revenue":20.06,"Invoice_Date":"2018-03-23","Article_Number":"138016","Article_Name":"SEEGER CIRCLIP RING 30X1,5","Order_Form_ID":"02fab84ecd85bcde646669a764a08927"},{"Customer_Name":"A","Calendar_week":12,"Amount":2.0,"PickAndPay":0,"Revenue":2568.63,"Invoice_Date":"2018-03-23","Article_Number":"137250","Article_Name":"RADIAL BALL-AND-SOCKET JOINT 30X47X22","Order_Form_ID":"02fab84ecd85bcde646669a764a08927"},{"Customer_Name":"A","Calendar_week":12,"Amount":4.0,"PickAndPay":0,"Revenue":569.13,"Invoice_Date":"2018-03-23","Article_Number":"117323","Article_Name":"HEXAGONAL SCREW M16X100","Order_Form_ID":"02fab84ecd85bcde646669a764a08927"},{"Customer_Name":"A","Calendar_week":12,"Amount":4.0,"PickAndPay":0,"Revenue":91.51,"Invoice_Date":"2018-03-23","Article_Number":"122711","Article_Name":"DISK NENNDURCHMESSER: 16","Order_Form_ID":"02fab84ecd85bcde646669a764a08927"},{"Customer_Name":"A","Calendar_week":12,"Amount":1.0,"PickAndPay":0,"Revenue":197.86,"Invoice_Date":"2018-03-23","Article_Number":"110991000","Article_Name":"PACKING CHARGES (CARTON) 200X200X80","Order_Form_ID":"02fab84ecd85bcde646669a764a08927"},{"Customer_Name":"A","Calendar_week":13,"Amount":1.0,"PickAndPay":0,"Revenue":1957.73,"Invoice_Date":"2018-03-27","Article_Number":"107897730","Article_Name":"HOLDING DEVICE 40X10X90","Order_Form_ID":"90357fdf7c068d1328e7a0ccfd8e5b15"},{"Customer_Name":"A","Calendar_week":13,"Amount":1.0,"PickAndPay":0,"Revenue":197.86,"Invoice_Date":"2018-03-27","Article_Number":"110991000","Article_Name":"PACKING CHARGES (CARTON) 200X200X80","Order_Form_ID":"90357fdf7c068d1328e7a0ccfd8e5b15"},{"Customer_Name":"A","Calendar_week":14,"Amount":-3.0,"PickAndPay":1,"Revenue":-13954.2,"Invoice_Date":"2018-04-06","Article_Number":"119814002","Article_Name":"LIMIT SWITCH SCHARNIER 3Ö","Order_Form_ID":"c78026544006c87685db349720beff8c"},{"Customer_Name":"A","Calendar_week":15,"Amount":1.0,"PickAndPay":0,"Revenue":1482.31,"Invoice_Date":"2018-04-10","Article_Number":"107897730","Article_Name":"HOLDING DEVICE 40X10X90","Order_Form_ID":"60e22f9cd58cbf794bbf4ba1c4611f7c"},{"Customer_Name":"A","Calendar_week":15,"Amount":8.0,"PickAndPay":0,"Revenue":6855.64,"Invoice_Date":"2018-04-12","Article_Number":"553374","Article_Name":"SEALING ELEMENT RAD.288.5X260","Order_Form_ID":"a516ffe1f25c6d59e177d16c90d1892b"},{"Customer_Name":"A","Calendar_week":15,"Amount":1.0,"PickAndPay":0,"Revenue":197.86,"Invoice_Date":"2018-04-12","Article_Number":"118308700","Article_Name":"PACKING CHARGES (CARTON) 330X163X172 MM","Order_Form_ID":"a516ffe1f25c6d59e177d16c90d1892b"},{"Customer_Name":"A","Calendar_week":16,"Amount":1.0,"PickAndPay":1,"Revenue":4509.05,"Invoice_Date":"2018-04-16","Article_Number":"P030FR001","Article_Name":"FREIGHT CHARGES","Order_Form_ID":"5972bd6ca919ab1a53197f8436fe4460"},{"Customer_Name":"A","Calendar_week":16,"Amount":1.0,"PickAndPay":1,"Revenue":1297.09,"Invoice_Date":"2018-04-16","Article_Number":"P030PA001","Article_Name":"PACKING","Order_Form_ID":"5972bd6ca919ab1a53197f8436fe4460"},{"Customer_Name":"A","Calendar_week":16,"Amount":1.0,"PickAndPay":1,"Revenue":2147.35,"Invoice_Date":"2018-04-16","Article_Number":"P030FR001","Article_Name":"FREIGHT CHARGES","Order_Form_ID":"1dac33017d9eabb54eaa08584ac92f11"},{"Customer_Name":"A","Calendar_week":16,"Amount":1.0,"PickAndPay":1,"Revenue":197.86,"Invoice_Date":"2018-04-16","Article_Number":"P030PA001","Article_Name":"PACKING","Order_Form_ID":"1dac33017d9eabb54eaa08584ac92f11"},{"Customer_Name":"A","Calendar_week":17,"Amount":2.0,"PickAndPay":1,"Revenue":141126.58,"Invoice_Date":"2018-04-24","Article_Number":"109888055","Article_Name":"KNIFE 2540X30X8 AB2500","Order_Form_ID":"e21f118ab54bdf55014997b52ce5db0a"},{"Customer_Name":"A","Calendar_week":17,"Amount":1.0,"PickAndPay":0,"Revenue":58265.08,"Invoice_Date":"2018-04-25","Article_Number":"121010680","Article_Name":"ROTARY STEAM JOINT","Order_Form_ID":"16e553b9d9b87ba252fb2b358cf1eae8"},{"Customer_Name":"A","Calendar_week":17,"Amount":1.0,"PickAndPay":0,"Revenue":36371.4,"Invoice_Date":"2018-04-25","Article_Number":"181300","Article_Name":"ROTARY STEAM JOINT R 1 1\/4\"","Order_Form_ID":"16e553b9d9b87ba252fb2b358cf1eae8"},{"Customer_Name":"A","Calendar_week":17,"Amount":1.0,"PickAndPay":0,"Revenue":33940.17,"Invoice_Date":"2018-04-25","Article_Number":"102385500","Article_Name":"ROTARY STEAM JOINT","Order_Form_ID":"16e553b9d9b87ba252fb2b358cf1eae8"},{"Customer_Name":"A","Calendar_week":17,"Amount":3.0,"PickAndPay":0,"Revenue":593.59,"Invoice_Date":"2018-04-25","Article_Number":"110991002","Article_Name":"PACKING CHARGES (CARTON) 300X300X200","Order_Form_ID":"16e553b9d9b87ba252fb2b358cf1eae8"},{"Customer_Name":"A","Calendar_week":17,"Amount":10.0,"PickAndPay":1,"Revenue":52392.16,"Invoice_Date":"2018-04-26","Article_Number":"105303965","Article_Name":"DISC CUT KNIFE 240X1,2\/0,35MM,20°","Order_Form_ID":"0d3c0e52e5916d6c0dc066f4cebd35fb"},{"Customer_Name":"A","Calendar_week":17,"Amount":6.0,"PickAndPay":1,"Revenue":8893.89,"Invoice_Date":"2018-04-26","Article_Number":"103560705","Article_Name":"BELT 80X1720X 3","Order_Form_ID":"0d3c0e52e5916d6c0dc066f4cebd35fb"},{"Customer_Name":"A","Calendar_week":17,"Amount":75.0,"PickAndPay":1,"Revenue":5328.53,"Invoice_Date":"2018-04-26","Article_Number":"106606921","Article_Name":"CLEAN-OUT FINGER BL1.0X98X90LG","Order_Form_ID":"0d3c0e52e5916d6c0dc066f4cebd35fb"},{"Customer_Name":"A","Calendar_week":17,"Amount":1.0,"PickAndPay":1,"Revenue":2964.63,"Invoice_Date":"2018-04-26","Article_Number":"105407210","Article_Name":"TOOTHED BELT 29,5X 8X 640","Order_Form_ID":"0d3c0e52e5916d6c0dc066f4cebd35fb"},{"Customer_Name":"A","Calendar_week":17,"Amount":1.0,"PickAndPay":1,"Revenue":1175.63,"Invoice_Date":"2018-04-26","Article_Number":"289958800","Article_Name":"CABLE, PIECES 0,6M M8X1","Order_Form_ID":"0d3c0e52e5916d6c0dc066f4cebd35fb"},{"Customer_Name":"A","Calendar_week":17,"Amount":4.0,"PickAndPay":1,"Revenue":5152.38,"Invoice_Date":"2018-04-26","Article_Number":"105406991","Article_Name":"GRINDING WHEEL 50X11X19MM","Order_Form_ID":"0d3c0e52e5916d6c0dc066f4cebd35fb"},{"Customer_Name":"A","Calendar_week":18,"Amount":1.0,"PickAndPay":1,"Revenue":1939.6,"Invoice_Date":"2018-04-30","Article_Number":"P030FR001","Article_Name":"FREIGHT CHARGES","Order_Form_ID":"ebb68b7e350a84d178c049a2737774cd"},{"Customer_Name":"A","Calendar_week":18,"Amount":1.0,"PickAndPay":1,"Revenue":197.86,"Invoice_Date":"2018-04-30","Article_Number":"P030PA001","Article_Name":"PACKING","Order_Form_ID":"ebb68b7e350a84d178c049a2737774cd"},{"Customer_Name":"A","Calendar_week":20,"Amount":1.0,"PickAndPay":1,"Revenue":2161.64,"Invoice_Date":"2018-05-16","Article_Number":"P030FR001","Article_Name":"FREIGHT CHARGES","Order_Form_ID":"8358a6cd04c13dca2c3e680584791713"},{"Customer_Name":"A","Calendar_week":20,"Amount":1.0,"PickAndPay":1,"Revenue":197.86,"Invoice_Date":"2018-05-16","Article_Number":"P030PA001","Article_Name":"PACKING","Order_Form_ID":"8358a6cd04c13dca2c3e680584791713"},{"Customer_Name":"A","Calendar_week":20,"Amount":1.0,"PickAndPay":0,"Revenue":13583.76,"Invoice_Date":"2018-05-18","Article_Number":"271187320","Article_Name":"LASER SYSTEM","Order_Form_ID":"67713f90ca6fa209b223f30801794876"},{"Customer_Name":"A","Calendar_week":20,"Amount":1.0,"PickAndPay":0,"Revenue":197.86,"Invoice_Date":"2018-05-18","Article_Number":"110991000","Article_Name":"PACKING CHARGES (CARTON) 200X200X80","Order_Form_ID":"67713f90ca6fa209b223f30801794876"},{"Customer_Name":"A","Calendar_week":22,"Amount":8.0,"PickAndPay":0,"Revenue":10509.21,"Invoice_Date":"2018-05-30","Article_Number":"137250","Article_Name":"RADIAL BALL-AND-SOCKET JOINT 30X47X22","Order_Form_ID":"f50438990a2c7be8a07bf36db88fe9d8"},{"Customer_Name":"A","Calendar_week":22,"Amount":1.0,"PickAndPay":0,"Revenue":197.86,"Invoice_Date":"2018-05-30","Article_Number":"110991001","Article_Name":"PACKING CHARGES (CARTON) 200X200X150","Order_Form_ID":"f50438990a2c7be8a07bf36db88fe9d8"},{"Customer_Name":"A","Calendar_week":22,"Amount":20.0,"PickAndPay":0,"Revenue":9188.21,"Invoice_Date":"2018-06-01","Article_Number":"199902","Article_Name":"CARBON PAPER 195X20,2-FACH","Order_Form_ID":"ceb054190161ecc25545826d01c296ea"},{"Customer_Name":"A","Calendar_week":22,"Amount":1.0,"PickAndPay":0,"Revenue":197.86,"Invoice_Date":"2018-06-01","Article_Number":"110991003","Article_Name":"PACKING CHARGES (CARTON) 360X360X250","Order_Form_ID":"ceb054190161ecc25545826d01c296ea"},{"Customer_Name":"A","Calendar_week":22,"Amount":-1.0,"PickAndPay":0,"Revenue":-34337.27,"Invoice_Date":"2018-06-03","Article_Number":"P030FR001","Article_Name":"FREIGHT CHARGES","Order_Form_ID":"381fd6f034d16276ec5a1619fc8490f6"},{"Customer_Name":"A","Calendar_week":22,"Amount":-1.0,"PickAndPay":0,"Revenue":-169469.46,"Invoice_Date":"2018-06-03","Article_Number":"172863820","Article_Name":"CONTROL BLOCK","Order_Form_ID":"9dbe8aa78939e08d518beb29897a7ccf"},{"Customer_Name":"A","Calendar_week":22,"Amount":-1.0,"PickAndPay":0,"Revenue":-33291.35,"Invoice_Date":"2018-06-03","Article_Number":"P030FR001","Article_Name":"FREIGHT CHARGES","Order_Form_ID":"9dbe8aa78939e08d518beb29897a7ccf"},{"Customer_Name":"A","Calendar_week":22,"Amount":-1.0,"PickAndPay":0,"Revenue":-183807.02,"Invoice_Date":"2018-06-03","Article_Number":"144655982","Article_Name":"DC CONTROLLER 182KW \/ 350A","Order_Form_ID":"9dbe8aa78939e08d518beb29897a7ccf"},{"Customer_Name":"A","Calendar_week":23,"Amount":2.0,"PickAndPay":1,"Revenue":2913.52,"Invoice_Date":"2018-06-05","Article_Number":"163270925","Article_Name":"SCRAPER BLADE CORRUDUR® 2550X50X1,5","Order_Form_ID":"86ef7ec0cf25a0d0b39207c05bc5b990"},{"Customer_Name":"A","Calendar_week":23,"Amount":6.0,"PickAndPay":1,"Revenue":31435.29,"Invoice_Date":"2018-06-05","Article_Number":"105303965","Article_Name":"DISC CUT KNIFE 240X1,2\/0,35MM,20°","Order_Form_ID":"86ef7ec0cf25a0d0b39207c05bc5b990"},{"Customer_Name":"A","Calendar_week":23,"Amount":2.0,"PickAndPay":1,"Revenue":265.74,"Invoice_Date":"2018-06-05","Article_Number":"107408700","Article_Name":"FLAT SPRING 0,8X10X56","Order_Form_ID":"86ef7ec0cf25a0d0b39207c05bc5b990"},{"Customer_Name":"A","Calendar_week":23,"Amount":2.0,"PickAndPay":1,"Revenue":5367.0,"Invoice_Date":"2018-06-05","Article_Number":"111125303","Article_Name":"GLUE DAM JOINT 3X260X220","Order_Form_ID":"86ef7ec0cf25a0d0b39207c05bc5b990"},{"Customer_Name":"A","Calendar_week":23,"Amount":2.0,"PickAndPay":1,"Revenue":3117.97,"Invoice_Date":"2018-06-05","Article_Number":"111125199","Article_Name":"GLUE DAM JOINT 3X128X197","Order_Form_ID":"86ef7ec0cf25a0d0b39207c05bc5b990"},{"Customer_Name":"A","Calendar_week":23,"Amount":5.0,"PickAndPay":1,"Revenue":184.12,"Invoice_Date":"2018-06-05","Article_Number":"150015","Article_Name":"FLAT PACKING 41X55X2","Order_Form_ID":"86ef7ec0cf25a0d0b39207c05bc5b990"},{"Customer_Name":"A","Calendar_week":23,"Amount":1.0,"PickAndPay":1,"Revenue":603.2,"Invoice_Date":"2018-06-05","Article_Number":"287805700","Article_Name":"PROXIMITY SWITCH 10-30VDC\/M12\/PNP\/2MM","Order_Form_ID":"86ef7ec0cf25a0d0b39207c05bc5b990"},{"Customer_Name":"A","Calendar_week":23,"Amount":2.0,"PickAndPay":0,"Revenue":26784.17,"Invoice_Date":"2018-06-08","Article_Number":"271187320","Article_Name":"LASER SYSTEM","Order_Form_ID":"464c1a288169de50990d29f6af81a10b"},{"Customer_Name":"A","Calendar_week":23,"Amount":1.0,"PickAndPay":0,"Revenue":197.86,"Invoice_Date":"2018-06-08","Article_Number":"110991000","Article_Name":"PACKING CHARGES (CARTON) 200X200X80","Order_Form_ID":"464c1a288169de50990d29f6af81a10b"},{"Customer_Name":"A","Calendar_week":24,"Amount":10.0,"PickAndPay":0,"Revenue":33699.71,"Invoice_Date":"2018-06-11","Article_Number":"114687601","Article_Name":"PNEUMATIC CYLINDER","Order_Form_ID":"a83424083ebda7818b0e02659350547d"},{"Customer_Name":"A","Calendar_week":24,"Amount":1.0,"PickAndPay":0,"Revenue":197.86,"Invoice_Date":"2018-06-11","Article_Number":"110991000","Article_Name":"PACKING CHARGES (CARTON) 200X200X80","Order_Form_ID":"a83424083ebda7818b0e02659350547d"},{"Customer_Name":"A","Calendar_week":24,"Amount":2.0,"PickAndPay":0,"Revenue":83313.83,"Invoice_Date":"2018-06-12","Article_Number":"123844663","Article_Name":"THREE-PHASE MOTOR 3,9KW\/400V\/87HZ\/8,6A","Order_Form_ID":"24c3d28923b64d619dfb067402cb9d4d"},{"Customer_Name":"A","Calendar_week":24,"Amount":2.0,"PickAndPay":0,"Revenue":4946.55,"Invoice_Date":"2018-06-12","Article_Number":"V00000012","Article_Name":"PACKING CHARGES (BOX) 790X380X380MM","Order_Form_ID":"24c3d28923b64d619dfb067402cb9d4d"},{"Customer_Name":"A","Calendar_week":26,"Amount":1.0,"PickAndPay":1,"Revenue":11937.11,"Invoice_Date":"2018-06-26","Article_Number":"P030FR001","Article_Name":"FREIGHT CHARGES","Order_Form_ID":"65439e810b5733452480b928b5284242"},{"Customer_Name":"A","Calendar_week":26,"Amount":1.0,"PickAndPay":1,"Revenue":2528.23,"Invoice_Date":"2018-06-26","Article_Number":"P030PA001","Article_Name":"PACKING","Order_Form_ID":"65439e810b5733452480b928b5284242"},{"Customer_Name":"A","Calendar_week":26,"Amount":1.0,"PickAndPay":1,"Revenue":1753.55,"Invoice_Date":"2018-06-26","Article_Number":"P030FR001","Article_Name":"FREIGHT CHARGES","Order_Form_ID":"952575b312529ce3de2a0a557ba25125"},{"Customer_Name":"A","Calendar_week":26,"Amount":1.0,"PickAndPay":1,"Revenue":395.72,"Invoice_Date":"2018-06-26","Article_Number":"P030PA001","Article_Name":"PACKING","Order_Form_ID":"952575b312529ce3de2a0a557ba25125"},{"Customer_Name":"A","Calendar_week":28,"Amount":1.0,"PickAndPay":0,"Revenue":46310.1,"Invoice_Date":"2018-07-12","Article_Number":"195629441","Article_Name":"CHUCK AB2500\/2800","Order_Form_ID":"1a00ab035fb28a8efa37a11067a61f40"},{"Customer_Name":"A","Calendar_week":28,"Amount":1.0,"PickAndPay":0,"Revenue":197.86,"Invoice_Date":"2018-07-12","Article_Number":"110991002","Article_Name":"PACKING CHARGES (CARTON) 300X300X200","Order_Form_ID":"1a00ab035fb28a8efa37a11067a61f40"},{"Customer_Name":"A","Calendar_week":28,"Amount":2.0,"PickAndPay":0,"Revenue":7439.33,"Invoice_Date":"2018-07-12","Article_Number":"121454500","Article_Name":"PILLOW BLOCK 90X30X110","Order_Form_ID":"a1987fa17cd9f190a02d44499d4bf7d2"},{"Customer_Name":"A","Calendar_week":28,"Amount":2.0,"PickAndPay":0,"Revenue":1166.01,"Invoice_Date":"2018-07-12","Article_Number":"129430200","Article_Name":"RADIAL BALL BEARING 25X52X18","Order_Form_ID":"a1987fa17cd9f190a02d44499d4bf7d2"},{"Customer_Name":"A","Calendar_week":28,"Amount":2.0,"PickAndPay":0,"Revenue":39.3,"Invoice_Date":"2018-07-12","Article_Number":"138014","Article_Name":"SEEGER CIRCLIP RING 25X1,2","Order_Form_ID":"a1987fa17cd9f190a02d44499d4bf7d2"},{"Customer_Name":"A","Calendar_week":28,"Amount":2.0,"PickAndPay":0,"Revenue":44.52,"Invoice_Date":"2018-07-12","Article_Number":"138216","Article_Name":"SEEGER CIRCLIP RING 52X2,0","Order_Form_ID":"a1987fa17cd9f190a02d44499d4bf7d2"},{"Customer_Name":"A","Calendar_week":28,"Amount":1.0,"PickAndPay":0,"Revenue":197.86,"Invoice_Date":"2018-07-12","Article_Number":"118308700","Article_Name":"PACKING CHARGES (CARTON) 330X163X172 MM","Order_Form_ID":"a1987fa17cd9f190a02d44499d4bf7d2"},{"Customer_Name":"A","Calendar_week":28,"Amount":9.0,"PickAndPay":1,"Revenue":47152.94,"Invoice_Date":"2018-07-12","Article_Number":"105303965","Article_Name":"DISC CUT KNIFE 240X1,2\/0,35MM,20°","Order_Form_ID":"e8cdf83b9c5a51694bbf02a1a2cf0ecc"},{"Customer_Name":"A","Calendar_week":28,"Amount":32.0,"PickAndPay":1,"Revenue":18891.95,"Invoice_Date":"2018-07-12","Article_Number":"104581595","Article_Name":"BRAKE LINING CORRUDUR® 64X5X10","Order_Form_ID":"e8cdf83b9c5a51694bbf02a1a2cf0ecc"},{"Customer_Name":"A","Calendar_week":28,"Amount":10.0,"PickAndPay":1,"Revenue":12880.8,"Invoice_Date":"2018-07-12","Article_Number":"105406991","Article_Name":"GRINDING WHEEL 50X11X19MM","Order_Form_ID":"e8cdf83b9c5a51694bbf02a1a2cf0ecc"},{"Customer_Name":"A","Calendar_week":28,"Amount":1.0,"PickAndPay":1,"Revenue":500.98,"Invoice_Date":"2018-07-12","Article_Number":"123584901","Article_Name":"BOLT RD.8 148LG.","Order_Form_ID":"e8cdf83b9c5a51694bbf02a1a2cf0ecc"},{"Customer_Name":"A","Calendar_week":28,"Amount":800.0,"PickAndPay":1,"Revenue":14720.92,"Invoice_Date":"2018-07-12","Article_Number":"107254210","Article_Name":"FELT 46X35X10MM","Order_Form_ID":"e8cdf83b9c5a51694bbf02a1a2cf0ecc"},{"Customer_Name":"A","Calendar_week":28,"Amount":1.0,"PickAndPay":1,"Revenue":1226.74,"Invoice_Date":"2018-07-12","Article_Number":"109612502","Article_Name":"SEALING LEDGE 5,5X65X2665","Order_Form_ID":"e8cdf83b9c5a51694bbf02a1a2cf0ecc"},{"Customer_Name":"A","Calendar_week":30,"Amount":2.0,"PickAndPay":0,"Revenue":24125.95,"Invoice_Date":"2018-07-26","Article_Number":"121454600","Article_Name":"PILLOW BLOCK 30X235X162","Order_Form_ID":"895327a54b6ee57808b0b4cdfc759cdf"},{"Customer_Name":"A","Calendar_week":32,"Amount":4.0,"PickAndPay":0,"Revenue":539.45,"Invoice_Date":"2018-08-07","Article_Number":"107408700","Article_Name":"FLAT SPRING 0,8X10X56","Order_Form_ID":"d92e37d9595382b9f106505a3a113ede"},{"Customer_Name":"A","Calendar_week":32,"Amount":2.0,"PickAndPay":0,"Revenue":1151.17,"Invoice_Date":"2018-08-07","Article_Number":"111125600","Article_Name":"LEDGE 8X8X149","Order_Form_ID":"d92e37d9595382b9f106505a3a113ede"},{"Customer_Name":"A","Calendar_week":32,"Amount":2.0,"PickAndPay":0,"Revenue":546.59,"Invoice_Date":"2018-08-07","Article_Number":"110597401","Article_Name":"ECCENTRIC DISK RD.15X8","Order_Form_ID":"d92e37d9595382b9f106505a3a113ede"},{"Customer_Name":"A","Calendar_week":32,"Amount":2.0,"PickAndPay":0,"Revenue":42.05,"Invoice_Date":"2018-08-07","Article_Number":"100912000","Article_Name":"CHEESE-HEAD SCREW M5X16","Order_Form_ID":"d92e37d9595382b9f106505a3a113ede"},{"Customer_Name":"A","Calendar_week":32,"Amount":2.0,"PickAndPay":0,"Revenue":548.79,"Invoice_Date":"2018-08-07","Article_Number":"110597400","Article_Name":"ECCENTRIC DISK RD.15X10","Order_Form_ID":"d92e37d9595382b9f106505a3a113ede"},{"Customer_Name":"A","Calendar_week":32,"Amount":6.0,"PickAndPay":0,"Revenue":125.59,"Invoice_Date":"2018-08-07","Article_Number":"104000100","Article_Name":"DISK 6","Order_Form_ID":"d92e37d9595382b9f106505a3a113ede"},{"Customer_Name":"A","Calendar_week":32,"Amount":2.0,"PickAndPay":0,"Revenue":5969.66,"Invoice_Date":"2018-08-07","Article_Number":"111125303","Article_Name":"GLUE DAM JOINT 3X260X220","Order_Form_ID":"d92e37d9595382b9f106505a3a113ede"},{"Customer_Name":"A","Calendar_week":32,"Amount":6.0,"PickAndPay":0,"Revenue":503.17,"Invoice_Date":"2018-08-07","Article_Number":"111125702","Article_Name":"SPACER 40\/17X2","Order_Form_ID":"d92e37d9595382b9f106505a3a113ede"},{"Customer_Name":"A","Calendar_week":32,"Amount":2.0,"PickAndPay":0,"Revenue":1124.51,"Invoice_Date":"2018-08-07","Article_Number":"111125400","Article_Name":"LEDGE 8X8X95","Order_Form_ID":"d92e37d9595382b9f106505a3a113ede"},{"Customer_Name":"A","Calendar_week":32,"Amount":12.0,"PickAndPay":0,"Revenue":998.93,"Invoice_Date":"2018-08-07","Article_Number":"106566766","Article_Name":"LOCKING PLATE FUER D=16","Order_Form_ID":"d92e37d9595382b9f106505a3a113ede"},{"Customer_Name":"A","Calendar_week":32,"Amount":2.0,"PickAndPay":0,"Revenue":3332.05,"Invoice_Date":"2018-08-07","Article_Number":"111125198","Article_Name":"GLUE DAM JOINT 3X128X197","Order_Form_ID":"d92e37d9595382b9f106505a3a113ede"},{"Customer_Name":"A","Calendar_week":32,"Amount":10.0,"PickAndPay":0,"Revenue":194.01,"Invoice_Date":"2018-08-07","Article_Number":"111138400","Article_Name":"COUNTERSUNK SCREW M4X10","Order_Form_ID":"d92e37d9595382b9f106505a3a113ede"},{"Customer_Name":"A","Calendar_week":32,"Amount":1.0,"PickAndPay":0,"Revenue":197.86,"Invoice_Date":"2018-08-07","Article_Number":"110991002","Article_Name":"PACKING CHARGES (CARTON) 300X300X200","Order_Form_ID":"d92e37d9595382b9f106505a3a113ede"},{"Customer_Name":"A","Calendar_week":32,"Amount":75.0,"PickAndPay":1,"Revenue":39293.98,"Invoice_Date":"2018-08-08","Article_Number":"136481820","Article_Name":"NO-CRUSH-ROLLER 180X65X50","Order_Form_ID":"214f63e2d7b1e0436497f8aadcb88fa5"},{"Customer_Name":"A","Calendar_week":32,"Amount":1.0,"PickAndPay":1,"Revenue":15564.3,"Invoice_Date":"2018-08-10","Article_Number":"100686325","Article_Name":"COMPRESSED-AIR MOTOR G1\/8 - 10.6NM","Order_Form_ID":"198fbb70c7802413feac936d3845377e"},{"Customer_Name":"A","Calendar_week":33,"Amount":1.0,"PickAndPay":1,"Revenue":796.94,"Invoice_Date":"2018-08-13","Article_Number":"P030FR001","Article_Name":"FREIGHT CHARGES","Order_Form_ID":"9b4a1d022fc7d9a95cee2a3326deaa7a"},{"Customer_Name":"A","Calendar_week":33,"Amount":1.0,"PickAndPay":1,"Revenue":197.86,"Invoice_Date":"2018-08-13","Article_Number":"P030PA001","Article_Name":"PACKING","Order_Form_ID":"9b4a1d022fc7d9a95cee2a3326deaa7a"},{"Customer_Name":"A","Calendar_week":33,"Amount":1.0,"PickAndPay":0,"Revenue":16347.51,"Invoice_Date":"2018-08-14","Article_Number":"100686325","Article_Name":"COMPRESSED-AIR MOTOR G1\/8 - 10.6NM","Order_Form_ID":"218bee8f0ea88515a5a5766993173a75"},{"Customer_Name":"A","Calendar_week":33,"Amount":1.0,"PickAndPay":0,"Revenue":197.86,"Invoice_Date":"2018-08-14","Article_Number":"118308700","Article_Name":"PACKING CHARGES (CARTON) 330X163X172 MM","Order_Form_ID":"218bee8f0ea88515a5a5766993173a75"},{"Customer_Name":"A","Calendar_week":33,"Amount":2.0,"PickAndPay":0,"Revenue":5273.02,"Invoice_Date":"2018-08-14","Article_Number":"197617200","Article_Name":"PROXIMITY SWITCH 10-30VDC\/PNP\/NPN\/4MM","Order_Form_ID":"503935dbbfd7fde07968e809391716e3"},{"Customer_Name":"A","Calendar_week":33,"Amount":1.0,"PickAndPay":0,"Revenue":41733.18,"Invoice_Date":"2018-08-14","Article_Number":"172217720","Article_Name":"SERVOMOTOR 5,0NM;4,80A;4000UPM, 2,08KW","Order_Form_ID":"503935dbbfd7fde07968e809391716e3"},{"Customer_Name":"A","Calendar_week":33,"Amount":2.0,"PickAndPay":0,"Revenue":2415.56,"Invoice_Date":"2018-08-14","Article_Number":"109076700","Article_Name":"SEALING 14X25X226","Order_Form_ID":"503935dbbfd7fde07968e809391716e3"},{"Customer_Name":"A","Calendar_week":33,"Amount":1.0,"PickAndPay":0,"Revenue":197.86,"Invoice_Date":"2018-08-14","Article_Number":"110991004","Article_Name":"PACKING CHARGES (CARTON) 610X410X230","Order_Form_ID":"503935dbbfd7fde07968e809391716e3"},{"Customer_Name":"A","Calendar_week":34,"Amount":2.0,"PickAndPay":1,"Revenue":70563.29,"Invoice_Date":"2018-08-21","Article_Number":"109888055","Article_Name":"KNIFE 2540X30X8 AB2500","Order_Form_ID":"827f2aabe05ba5027679d8d20ba131f0"},{"Customer_Name":"A","Calendar_week":34,"Amount":2.0,"PickAndPay":1,"Revenue":141126.58,"Invoice_Date":"2018-08-21","Article_Number":"109888055","Article_Name":"KNIFE 2540X30X8 AB2500","Order_Form_ID":"fdafa604fe3dd883b848cf8d9b887bca"},{"Customer_Name":"A","Calendar_week":34,"Amount":20.0,"PickAndPay":0,"Revenue":5842.42,"Invoice_Date":"2018-08-22","Article_Number":"121606101","Article_Name":"RETURN SPRING","Order_Form_ID":"831eda149dbb96b5c3ddf7897ff21b96"},{"Customer_Name":"A","Calendar_week":34,"Amount":1.0,"PickAndPay":0,"Revenue":197.86,"Invoice_Date":"2018-08-22","Article_Number":"110991000","Article_Name":"PACKING CHARGES (CARTON) 200X200X80","Order_Form_ID":"831eda149dbb96b5c3ddf7897ff21b96"},{"Customer_Name":"A","Calendar_week":35,"Amount":1.0,"PickAndPay":1,"Revenue":2147.35,"Invoice_Date":"2018-08-29","Article_Number":"P030FR001","Article_Name":"FREIGHT CHARGES","Order_Form_ID":"62c1c5b86dd7b56f159f13f36fa587e1"},{"Customer_Name":"A","Calendar_week":35,"Amount":1.0,"PickAndPay":1,"Revenue":1571.9,"Invoice_Date":"2018-08-29","Article_Number":"P030PA001","Article_Name":"PACKING","Order_Form_ID":"62c1c5b86dd7b56f159f13f36fa587e1"},{"Customer_Name":"A","Calendar_week":35,"Amount":1.0,"PickAndPay":1,"Revenue":2161.64,"Invoice_Date":"2018-08-30","Article_Number":"P030FR001","Article_Name":"FREIGHT CHARGES","Order_Form_ID":"49577071baf14f41eabc1a7d431f4702"},{"Customer_Name":"A","Calendar_week":35,"Amount":1.0,"PickAndPay":1,"Revenue":1374.04,"Invoice_Date":"2018-08-30","Article_Number":"P030PA001","Article_Name":"PACKING","Order_Form_ID":"49577071baf14f41eabc1a7d431f4702"},{"Customer_Name":"A","Calendar_week":35,"Amount":28.0,"PickAndPay":0,"Revenue":152519.57,"Invoice_Date":"2018-08-31","Article_Number":"126292402","Article_Name":"BRUSH ROLL SEGMENT 300X203X216MM","Order_Form_ID":"fc9b7e78288be8c495a8c38563178ee2"},{"Customer_Name":"A","Calendar_week":35,"Amount":16.0,"PickAndPay":0,"Revenue":9050.25,"Invoice_Date":"2018-08-31","Article_Number":"123052320","Article_Name":"NO-CRUSH-ROLLER 165X65X50","Order_Form_ID":"fc9b7e78288be8c495a8c38563178ee2"},{"Customer_Name":"A","Calendar_week":35,"Amount":50.0,"PickAndPay":0,"Revenue":61385.8,"Invoice_Date":"2018-08-31","Article_Number":"149983302","Article_Name":"BRUSH 260X26X60","Order_Form_ID":"fc9b7e78288be8c495a8c38563178ee2"},{"Customer_Name":"A","Calendar_week":35,"Amount":2.0,"PickAndPay":0,"Revenue":31133.83,"Invoice_Date":"2018-08-31","Article_Number":"278433210","Article_Name":"PAN FÜR BR 1534MM","Order_Form_ID":"fc9b7e78288be8c495a8c38563178ee2"},{"Customer_Name":"A","Calendar_week":35,"Amount":1.0,"PickAndPay":0,"Revenue":1126.71,"Invoice_Date":"2018-08-31","Article_Number":"110680400","Article_Name":"PACKING CHARGES (PAL-BOX I) 830X580X680","Order_Form_ID":"fc9b7e78288be8c495a8c38563178ee2"},{"Customer_Name":"A","Calendar_week":35,"Amount":1.0,"PickAndPay":0,"Revenue":5441.2,"Invoice_Date":"2018-08-31","Article_Number":"V00000024","Article_Name":"PACKING CHARGES (BOX)","Order_Form_ID":"fc9b7e78288be8c495a8c38563178ee2"},{"Customer_Name":"A","Calendar_week":36,"Amount":2.0,"PickAndPay":0,"Revenue":15715.17,"Invoice_Date":"2018-09-03","Article_Number":"209019330","Article_Name":"MACHINE LIGHT 24W 24VDC; 1040MM LANG","Order_Form_ID":"18049afc15a616ddf55bec2ed4c6950e"},{"Customer_Name":"A","Calendar_week":36,"Amount":1.0,"PickAndPay":0,"Revenue":197.86,"Invoice_Date":"2018-09-03","Article_Number":"110991007","Article_Name":"PACKING CHARGES (CARTON) 1100X200X200","Order_Form_ID":"18049afc15a616ddf55bec2ed4c6950e"},{"Customer_Name":"A","Calendar_week":36,"Amount":2.0,"PickAndPay":0,"Revenue":12279.8,"Invoice_Date":"2018-09-05","Article_Number":"182581300","Article_Name":"SEPARATING STRIP AB 2500","Order_Form_ID":"a23322d4751d77c8b6261f0fd256995f"},{"Customer_Name":"A","Calendar_week":36,"Amount":1.0,"PickAndPay":0,"Revenue":14963.02,"Invoice_Date":"2018-09-05","Article_Number":"182608600","Article_Name":"NAP FOIL AB 2500_10X2,5M","Order_Form_ID":"a23322d4751d77c8b6261f0fd256995f"},{"Customer_Name":"A","Calendar_week":36,"Amount":1.0,"PickAndPay":0,"Revenue":1923.66,"Invoice_Date":"2018-09-05","Article_Number":"V00000001","Article_Name":"PACKING CHARGES (BOX) 3100X140X230MM","Order_Form_ID":"a23322d4751d77c8b6261f0fd256995f"},{"Customer_Name":"A","Calendar_week":36,"Amount":1.0,"PickAndPay":0,"Revenue":197.86,"Invoice_Date":"2018-09-05","Article_Number":"110991001","Article_Name":"PACKING CHARGES (CARTON) 200X200X150","Order_Form_ID":"a23322d4751d77c8b6261f0fd256995f"},{"Customer_Name":"A","Calendar_week":36,"Amount":1.0,"PickAndPay":1,"Revenue":1277.86,"Invoice_Date":"2018-09-05","Article_Number":"103560708","Article_Name":"BELT 80X3X1330","Order_Form_ID":"e30eb5be0952b87556cdd19668fb15cb"},{"Customer_Name":"A","Calendar_week":36,"Amount":10.0,"PickAndPay":1,"Revenue":5903.7,"Invoice_Date":"2018-09-05","Article_Number":"104581595","Article_Name":"BRAKE LINING CORRUDUR® 64X5X10","Order_Form_ID":"e30eb5be0952b87556cdd19668fb15cb"},{"Customer_Name":"A","Calendar_week":36,"Amount":6.0,"PickAndPay":1,"Revenue":7728.43,"Invoice_Date":"2018-09-05","Article_Number":"105406991","Article_Name":"GRINDING WHEEL 50X11X19MM","Order_Form_ID":"e30eb5be0952b87556cdd19668fb15cb"},{"Customer_Name":"A","Calendar_week":36,"Amount":8.0,"PickAndPay":1,"Revenue":41913.73,"Invoice_Date":"2018-09-05","Article_Number":"105303965","Article_Name":"DISC CUT KNIFE 240X1,2\/0,35MM,20°","Order_Form_ID":"e30eb5be0952b87556cdd19668fb15cb"},{"Customer_Name":"A","Calendar_week":36,"Amount":34.0,"PickAndPay":1,"Revenue":2415.56,"Invoice_Date":"2018-09-05","Article_Number":"106606921","Article_Name":"CLEAN-OUT FINGER BL1.0X98X90LG","Order_Form_ID":"e30eb5be0952b87556cdd19668fb15cb"},{"Customer_Name":"A","Calendar_week":36,"Amount":4.0,"PickAndPay":1,"Revenue":303.66,"Invoice_Date":"2018-09-05","Article_Number":"113463300","Article_Name":"RUBBER SPONGE CORD D=15","Order_Form_ID":"e30eb5be0952b87556cdd19668fb15cb"},{"Customer_Name":"A","Calendar_week":36,"Amount":3.0,"PickAndPay":1,"Revenue":1502.65,"Invoice_Date":"2018-09-05","Article_Number":"123584901","Article_Name":"BOLT RD.8 148LG.","Order_Form_ID":"e30eb5be0952b87556cdd19668fb15cb"},{"Customer_Name":"A","Calendar_week":36,"Amount":1.0,"PickAndPay":1,"Revenue":2019.01,"Invoice_Date":"2018-09-05","Article_Number":"125020610","Article_Name":"PROXIMITY SWITCH","Order_Form_ID":"e30eb5be0952b87556cdd19668fb15cb"},{"Customer_Name":"A","Calendar_week":36,"Amount":5.0,"PickAndPay":1,"Revenue":1162.71,"Invoice_Date":"2018-09-05","Article_Number":"142697106","Article_Name":"FLAT SPRING 0,5X10X17X116","Order_Form_ID":"e30eb5be0952b87556cdd19668fb15cb"},{"Customer_Name":"A","Calendar_week":36,"Amount":1.0,"PickAndPay":1,"Revenue":2901.15,"Invoice_Date":"2018-09-06","Article_Number":"P030FR001","Article_Name":"FREIGHT CHARGES","Order_Form_ID":"b7a0edecaafcdf1eb77368a6249b37b8"},{"Customer_Name":"A","Calendar_week":36,"Amount":1.0,"PickAndPay":1,"Revenue":395.72,"Invoice_Date":"2018-09-06","Article_Number":"P030PA001","Article_Name":"PACKING","Order_Form_ID":"b7a0edecaafcdf1eb77368a6249b37b8"},{"Customer_Name":"A","Calendar_week":36,"Amount":1.0,"PickAndPay":1,"Revenue":3367.5,"Invoice_Date":"2018-09-06","Article_Number":"P030FR001","Article_Name":"FREIGHT CHARGES","Order_Form_ID":"bb7294e674b188dff65a994419af132f"},{"Customer_Name":"A","Calendar_week":36,"Amount":1.0,"PickAndPay":1,"Revenue":395.72,"Invoice_Date":"2018-09-06","Article_Number":"P030PA001","Article_Name":"PACKING","Order_Form_ID":"bb7294e674b188dff65a994419af132f"},{"Customer_Name":"A","Calendar_week":36,"Amount":2.0,"PickAndPay":0,"Revenue":30975.27,"Invoice_Date":"2018-09-07","Article_Number":"105684600","Article_Name":"ECCENTRIC SHAFT M=1,5\/Z=120X162","Order_Form_ID":"c6ce0618131ca69969ae6e3af7a99f2e"},{"Customer_Name":"A","Calendar_week":36,"Amount":2.0,"PickAndPay":0,"Revenue":13704.13,"Invoice_Date":"2018-09-07","Article_Number":"104198501","Article_Name":"PLAIN BEARING 60X 72X 80","Order_Form_ID":"c6ce0618131ca69969ae6e3af7a99f2e"},{"Customer_Name":"A","Calendar_week":36,"Amount":2.0,"PickAndPay":0,"Revenue":8204.67,"Invoice_Date":"2018-09-07","Article_Number":"104226000","Article_Name":"BUSH 85\/75X27","Order_Form_ID":"c6ce0618131ca69969ae6e3af7a99f2e"},{"Customer_Name":"A","Calendar_week":36,"Amount":2.0,"PickAndPay":0,"Revenue":14271.33,"Invoice_Date":"2018-09-07","Article_Number":"104225900","Article_Name":"BUSH 85\/45 X 39","Order_Form_ID":"c6ce0618131ca69969ae6e3af7a99f2e"},{"Customer_Name":"A","Calendar_week":36,"Amount":1.0,"PickAndPay":0,"Revenue":197.86,"Invoice_Date":"2018-09-07","Article_Number":"110991003","Article_Name":"PACKING CHARGES (CARTON) 360X360X250","Order_Form_ID":"c6ce0618131ca69969ae6e3af7a99f2e"},{"Customer_Name":"A","Calendar_week":38,"Amount":2.0,"PickAndPay":0,"Revenue":4375.49,"Invoice_Date":"2018-09-20","Article_Number":"101706200","Article_Name":"GAS PRESSURE SPRING D10\/H200\/F 800N","Order_Form_ID":"be78b51f6965fd4e702c87199b6d2a4a"},{"Customer_Name":"A","Calendar_week":38,"Amount":4.0,"PickAndPay":0,"Revenue":38536.06,"Invoice_Date":"2018-09-20","Article_Number":"102955400","Article_Name":"BRUSH 1X300X1300","Order_Form_ID":"be78b51f6965fd4e702c87199b6d2a4a"},{"Customer_Name":"A","Calendar_week":38,"Amount":1.0,"PickAndPay":0,"Revenue":2748.08,"Invoice_Date":"2018-09-20","Article_Number":"V00000005","Article_Name":"PACKING CHARGES (BOX) 1540X540X340MM","Order_Form_ID":"be78b51f6965fd4e702c87199b6d2a4a"},{"Customer_Name":"A","Calendar_week":38,"Amount":1.0,"PickAndPay":0,"Revenue":11446.31,"Invoice_Date":"2018-09-21","Article_Number":"104581570","Article_Name":"VENTILATOR","Order_Form_ID":"a3708b6ad29a365be429b97e1fe5e7ac"},{"Customer_Name":"A","Calendar_week":38,"Amount":1.0,"PickAndPay":0,"Revenue":197.86,"Invoice_Date":"2018-09-21","Article_Number":"110991002","Article_Name":"PACKING CHARGES (CARTON) 300X300X200","Order_Form_ID":"a3708b6ad29a365be429b97e1fe5e7ac"},{"Customer_Name":"A","Calendar_week":39,"Amount":2.0,"PickAndPay":0,"Revenue":25271.9,"Invoice_Date":"2018-09-25","Article_Number":"195034700","Article_Name":"CYLINDRICAL ROLLER BEARING 100X185X 65","Order_Form_ID":"7fa56807d9ffe35a146ebeb3b38455e1"},{"Customer_Name":"A","Calendar_week":39,"Amount":2.0,"PickAndPay":0,"Revenue":25493.67,"Invoice_Date":"2018-09-25","Article_Number":"195034500","Article_Name":"CYLINDRICAL ROLLER BEARING 100X185X 60","Order_Form_ID":"7fa56807d9ffe35a146ebeb3b38455e1"},{"Customer_Name":"A","Calendar_week":39,"Amount":4.0,"PickAndPay":0,"Revenue":106.9,"Invoice_Date":"2018-09-25","Article_Number":"107555600","Article_Name":"GREASE NIPPLE, FLAT M8X1,0 D-10-MM","Order_Form_ID":"7fa56807d9ffe35a146ebeb3b38455e1"},{"Customer_Name":"A","Calendar_week":39,"Amount":2.0,"PickAndPay":0,"Revenue":395.72,"Invoice_Date":"2018-09-25","Article_Number":"110991004","Article_Name":"PACKING CHARGES (CARTON) 610X410X230","Order_Form_ID":"7fa56807d9ffe35a146ebeb3b38455e1"},{"Customer_Name":"A","Calendar_week":39,"Amount":14.0,"PickAndPay":0,"Revenue":75684.34,"Invoice_Date":"2018-09-27","Article_Number":"126292402","Article_Name":"BRUSH ROLL SEGMENT 300X203X216MM","Order_Form_ID":"d4cc4ef2b62764e459472d94c6676258"},{"Customer_Name":"A","Calendar_week":39,"Amount":75.0,"PickAndPay":0,"Revenue":41125.58,"Invoice_Date":"2018-09-27","Article_Number":"136481820","Article_Name":"NO-CRUSH-ROLLER 180X65X50","Order_Form_ID":"d4cc4ef2b62764e459472d94c6676258"},{"Customer_Name":"A","Calendar_week":39,"Amount":1.0,"PickAndPay":0,"Revenue":1126.71,"Invoice_Date":"2018-09-27","Article_Number":"110680200","Article_Name":"PACKING CHARGES (PAL-BOX II) 1070X710X52","Order_Form_ID":"d4cc4ef2b62764e459472d94c6676258"},{"Customer_Name":"A","Calendar_week":39,"Amount":2.0,"PickAndPay":0,"Revenue":14363.39,"Invoice_Date":"2018-09-28","Article_Number":"155470300","Article_Name":"EMERGENCY STOP MODULE 2I\/2Q","Order_Form_ID":"cd758e92719427737f349aa342d63cae"},{"Customer_Name":"A","Calendar_week":39,"Amount":1.0,"PickAndPay":0,"Revenue":197.86,"Invoice_Date":"2018-09-28","Article_Number":"110991001","Article_Name":"PACKING CHARGES (CARTON) 200X200X150","Order_Form_ID":"cd758e92719427737f349aa342d63cae"},{"Customer_Name":"A","Calendar_week":40,"Amount":1.0,"PickAndPay":0,"Revenue":14510.14,"Invoice_Date":"2018-10-01","Article_Number":"195034500","Article_Name":"CYLINDRICAL ROLLER BEARING 100X185X 60","Order_Form_ID":"042b7138d1e71b1b2022433b00067b6b"},{"Customer_Name":"A","Calendar_week":40,"Amount":2.0,"PickAndPay":0,"Revenue":171.21,"Invoice_Date":"2018-10-01","Article_Number":"138045","Article_Name":"SEEGER CIRCLIP RING 100X3,0","Order_Form_ID":"042b7138d1e71b1b2022433b00067b6b"},{"Customer_Name":"A","Calendar_week":40,"Amount":1.0,"PickAndPay":0,"Revenue":197.86,"Invoice_Date":"2018-10-01","Article_Number":"110991003","Article_Name":"PACKING CHARGES (CARTON) 360X360X250","Order_Form_ID":"042b7138d1e71b1b2022433b00067b6b"},{"Customer_Name":"A","Calendar_week":40,"Amount":1.0,"PickAndPay":1,"Revenue":2452.11,"Invoice_Date":"2018-10-01","Article_Number":"P030FR001","Article_Name":"FREIGHT CHARGES","Order_Form_ID":"a312dc198bd1b55c6a5f9944e620c21d"},{"Customer_Name":"A","Calendar_week":40,"Amount":1.0,"PickAndPay":1,"Revenue":395.72,"Invoice_Date":"2018-10-01","Article_Number":"P030PA001","Article_Name":"PACKING","Order_Form_ID":"a312dc198bd1b55c6a5f9944e620c21d"},{"Customer_Name":"A","Calendar_week":41,"Amount":1.0,"PickAndPay":0,"Revenue":7695.72,"Invoice_Date":"2018-10-08","Article_Number":"155470300","Article_Name":"EMERGENCY STOP MODULE 2I\/2Q","Order_Form_ID":"338c4fba53a7a82c9ebe8a8ea7bc5213"},{"Customer_Name":"A","Calendar_week":41,"Amount":1.0,"PickAndPay":0,"Revenue":197.86,"Invoice_Date":"2018-10-08","Article_Number":"118308700","Article_Name":"PACKING CHARGES (CARTON) 330X163X172 MM","Order_Form_ID":"338c4fba53a7a82c9ebe8a8ea7bc5213"},{"Customer_Name":"A","Calendar_week":41,"Amount":2.0,"PickAndPay":0,"Revenue":14363.39,"Invoice_Date":"2018-10-09","Article_Number":"155470321","Article_Name":"EMERGENCY STOP MODULE 24 VDC 3Q","Order_Form_ID":"2ebc8e4a0797af4001e81debdbb43a9e"},{"Customer_Name":"A","Calendar_week":41,"Amount":1.0,"PickAndPay":0,"Revenue":197.86,"Invoice_Date":"2018-10-09","Article_Number":"110991001","Article_Name":"PACKING CHARGES (CARTON) 200X200X150","Order_Form_ID":"2ebc8e4a0797af4001e81debdbb43a9e"},{"Customer_Name":"A","Calendar_week":41,"Amount":2.0,"PickAndPay":0,"Revenue":6354.66,"Invoice_Date":"2018-10-10","Article_Number":"140491900","Article_Name":"ROLL 40X  1,25X200","Order_Form_ID":"881ccb05a03c9314d18daa110cf5fdee"},{"Customer_Name":"A","Calendar_week":41,"Amount":1.0,"PickAndPay":0,"Revenue":197.86,"Invoice_Date":"2018-10-10","Article_Number":"118308700","Article_Name":"PACKING CHARGES (CARTON) 330X163X172 MM","Order_Form_ID":"881ccb05a03c9314d18daa110cf5fdee"},{"Customer_Name":"A","Calendar_week":43,"Amount":2.0,"PickAndPay":0,"Revenue":10069.79,"Invoice_Date":"2018-10-24","Article_Number":"179013900","Article_Name":"BLADE TYPE DRIVE M 5 - 2.471NM","Order_Form_ID":"250bf5fb519eb52e47bf881879abf086"},{"Customer_Name":"A","Calendar_week":43,"Amount":1.0,"PickAndPay":0,"Revenue":197.86,"Invoice_Date":"2018-10-24","Article_Number":"110991001","Article_Name":"PACKING CHARGES (CARTON) 200X200X150","Order_Form_ID":"250bf5fb519eb52e47bf881879abf086"},{"Customer_Name":"A","Calendar_week":43,"Amount":3.0,"PickAndPay":0,"Revenue":65857.48,"Invoice_Date":"2018-10-25","Article_Number":"109411002","Article_Name":"PULSE DISTRIBUTOR IV30","Order_Form_ID":"92f56b21c4493cce2f1427c2a4a1bec4"},{"Customer_Name":"A","Calendar_week":43,"Amount":1.0,"PickAndPay":0,"Revenue":197.86,"Invoice_Date":"2018-10-25","Article_Number":"110991002","Article_Name":"PACKING CHARGES (CARTON) 300X300X200","Order_Form_ID":"92f56b21c4493cce2f1427c2a4a1bec4"},{"Customer_Name":"A","Calendar_week":43,"Amount":2.0,"PickAndPay":0,"Revenue":88830.61,"Invoice_Date":"2018-10-25","Article_Number":"179580001","Article_Name":"SERVOMOTOR 17,2NM\/15,0A\/3225UPM\/5,8KW","Order_Form_ID":"498487f2f64baeab82ff8984eb19d596"},{"Customer_Name":"A","Calendar_week":43,"Amount":2.0,"PickAndPay":0,"Revenue":395.72,"Invoice_Date":"2018-10-25","Article_Number":"110991003","Article_Name":"PACKING CHARGES (CARTON) 360X360X250","Order_Form_ID":"498487f2f64baeab82ff8984eb19d596"},{"Customer_Name":"A","Calendar_week":45,"Amount":1.0,"PickAndPay":0,"Revenue":8293.71,"Invoice_Date":"2018-11-06","Article_Number":"851037828","Article_Name":"ONE-WAY RESTRICTOR","Order_Form_ID":"3c3c3bc7db9a76953ae5923a71d365d3"},{"Customer_Name":"A","Calendar_week":45,"Amount":1.0,"PickAndPay":0,"Revenue":197.86,"Invoice_Date":"2018-11-06","Article_Number":"110991000","Article_Name":"PACKING CHARGES (CARTON) 200X200X80","Order_Form_ID":"3c3c3bc7db9a76953ae5923a71d365d3"},{"Customer_Name":"A","Calendar_week":45,"Amount":1.0,"PickAndPay":0,"Revenue":39996.94,"Invoice_Date":"2018-11-09","Article_Number":"172217720","Article_Name":"SERVOMOTOR 5,0NM;4,80A;4000UPM, 2,08KW","Order_Form_ID":"04387cf7709d7dd28780d058dd10a2cf"},{"Customer_Name":"A","Calendar_week":45,"Amount":1.0,"PickAndPay":0,"Revenue":71807.35,"Invoice_Date":"2018-11-09","Article_Number":"P030FR001","Article_Name":"FREIGHT CHARGES","Order_Form_ID":"04387cf7709d7dd28780d058dd10a2cf"},{"Customer_Name":"A","Calendar_week":45,"Amount":1.0,"PickAndPay":0,"Revenue":5496.16,"Invoice_Date":"2018-11-09","Article_Number":"P030SF002","Article_Name":"EXTRA COSTS SPECIALTRANSTPORT","Order_Form_ID":"04387cf7709d7dd28780d058dd10a2cf"},{"Customer_Name":"A","Calendar_week":46,"Amount":19.0,"PickAndPay":1,"Revenue":99545.1,"Invoice_Date":"2018-11-14","Article_Number":"105303965","Article_Name":"DISC CUT KNIFE 240X1,2\/0,35MM,20°","Order_Form_ID":"b7c90e01c0bd38de835df48936562088"},{"Customer_Name":"A","Calendar_week":46,"Amount":10.0,"PickAndPay":1,"Revenue":12880.8,"Invoice_Date":"2018-11-14","Article_Number":"105406991","Article_Name":"GRINDING WHEEL 50X11X19MM","Order_Form_ID":"b7c90e01c0bd38de835df48936562088"},{"Customer_Name":"A","Calendar_week":46,"Amount":4.0,"PickAndPay":1,"Revenue":1615.32,"Invoice_Date":"2018-11-14","Article_Number":"131672130","Article_Name":"O-RING 37,69X3,53","Order_Form_ID":"b7c90e01c0bd38de835df48936562088"},{"Customer_Name":"A","Calendar_week":46,"Amount":10.0,"PickAndPay":1,"Revenue":1328.97,"Invoice_Date":"2018-11-14","Article_Number":"124133400","Article_Name":"FLAT PACKING 21 X 30  X 2","Order_Form_ID":"b7c90e01c0bd38de835df48936562088"},{"Customer_Name":"A","Calendar_week":46,"Amount":6.0,"PickAndPay":1,"Revenue":220.95,"Invoice_Date":"2018-11-14","Article_Number":"150011","Article_Name":"FLAT PACKING 3\/4\"\/ 27X38X2","Order_Form_ID":"b7c90e01c0bd38de835df48936562088"},{"Customer_Name":"A","Calendar_week":46,"Amount":1.0,"PickAndPay":1,"Revenue":1098.96,"Invoice_Date":"2018-11-14","Article_Number":"127811060","Article_Name":"MODULE S7\/ET200S\/4DO DC24V\/0,5A","Order_Form_ID":"b7c90e01c0bd38de835df48936562088"},{"Customer_Name":"A","Calendar_week":46,"Amount":1.0,"PickAndPay":1,"Revenue":1226.74,"Invoice_Date":"2018-11-14","Article_Number":"109612502","Article_Name":"SEALING LEDGE 5,5X65X2665","Order_Form_ID":"b7c90e01c0bd38de835df48936562088"},{"Customer_Name":"A","Calendar_week":46,"Amount":1.0,"PickAndPay":1,"Revenue":1482.31,"Invoice_Date":"2018-11-14","Article_Number":"103560705","Article_Name":"BELT 80X1720X 3","Order_Form_ID":"b7c90e01c0bd38de835df48936562088"},{"Customer_Name":"A","Calendar_week":46,"Amount":1.0,"PickAndPay":1,"Revenue":1277.86,"Invoice_Date":"2018-11-14","Article_Number":"103560708","Article_Name":"BELT 80X3X1330","Order_Form_ID":"b7c90e01c0bd38de835df48936562088"},{"Customer_Name":"A","Calendar_week":46,"Amount":1.0,"PickAndPay":1,"Revenue":996.73,"Invoice_Date":"2018-11-14","Article_Number":"103560720","Article_Name":"BELT 80X3X300","Order_Form_ID":"b7c90e01c0bd38de835df48936562088"},{"Customer_Name":"A","Calendar_week":46,"Amount":2.0,"PickAndPay":1,"Revenue":13749.75,"Invoice_Date":"2018-11-14","Article_Number":"155470321","Article_Name":"EMERGENCY STOP MODULE 24 VDC 3Q","Order_Form_ID":"b7c90e01c0bd38de835df48936562088"},{"Customer_Name":"A","Calendar_week":46,"Amount":1.0,"PickAndPay":1,"Revenue":3066.86,"Invoice_Date":"2018-11-14","Article_Number":"155470320","Article_Name":"EMERGENCY STOP MODULE 24VDC 4Q","Order_Form_ID":"b7c90e01c0bd38de835df48936562088"},{"Customer_Name":"A","Calendar_week":46,"Amount":-8.0,"PickAndPay":1,"Revenue":-1063.23,"Invoice_Date":"2018-11-14","Article_Number":"124133400","Article_Name":"FLAT PACKING 21 X 30  X 2","Order_Form_ID":"4d3e4863f1e9528e66b569d7a7e024e8"},{"Customer_Name":"A","Calendar_week":46,"Amount":3.0,"PickAndPay":0,"Revenue":8249.19,"Invoice_Date":"2018-11-15","Article_Number":"216170800","Article_Name":"RUBBER EDGE 5X124X2600","Order_Form_ID":"cb9679c64979e8ada41f380354e2e827"},{"Customer_Name":"A","Calendar_week":46,"Amount":1.0,"PickAndPay":0,"Revenue":197.86,"Invoice_Date":"2018-11-15","Article_Number":"110991002","Article_Name":"PACKING CHARGES (CARTON) 300X300X200","Order_Form_ID":"cb9679c64979e8ada41f380354e2e827"},{"Customer_Name":"A","Calendar_week":47,"Amount":2.0,"PickAndPay":0,"Revenue":2607.1,"Invoice_Date":"2018-11-23","Article_Number":"105450501","Article_Name":"TOOTHED BELT GT 30X 8X1440","Order_Form_ID":"5b0b2eb86324b6e92327212ba2d2c6cc"},{"Customer_Name":"A","Calendar_week":47,"Amount":1.0,"PickAndPay":0,"Revenue":197.86,"Invoice_Date":"2018-11-23","Article_Number":"110991001","Article_Name":"PACKING CHARGES (CARTON) 200X200X150","Order_Form_ID":"5b0b2eb86324b6e92327212ba2d2c6cc"},{"Customer_Name":"A","Calendar_week":48,"Amount":1.0,"PickAndPay":0,"Revenue":494275.27,"Invoice_Date":"2018-11-29","Article_Number":"851035004","Article_Name":"THREE PHASE A.C. SERVOMOTOR 125A\/60KW\/11","Order_Form_ID":"1386dd389ba8f64002492ee7d1b894ce"},{"Customer_Name":"A","Calendar_week":48,"Amount":1.0,"PickAndPay":0,"Revenue":412.21,"Invoice_Date":"2018-11-29","Article_Number":"V00000019","Article_Name":"PACKING CHARGES (EUR-PALLET) 1200X800X14","Order_Form_ID":"1386dd389ba8f64002492ee7d1b894ce"},{"Customer_Name":"A","Calendar_week":48,"Amount":1.0,"PickAndPay":0,"Revenue":70688.6,"Invoice_Date":"2018-11-29","Article_Number":"P030FR001","Article_Name":"FREIGHT CHARGES","Order_Form_ID":"1386dd389ba8f64002492ee7d1b894ce"},{"Customer_Name":"A","Calendar_week":50,"Amount":1.0,"PickAndPay":0,"Revenue":16711.9,"Invoice_Date":"2018-12-11","Article_Number":"119761650","Article_Name":"BEARINGS AND ACCESSORIES","Order_Form_ID":"8507f217d413c1b7bcec7ec3e548408a"},{"Customer_Name":"A","Calendar_week":50,"Amount":1.0,"PickAndPay":0,"Revenue":197.86,"Invoice_Date":"2018-12-11","Article_Number":"110991001","Article_Name":"PACKING CHARGES (CARTON) 200X200X150","Order_Form_ID":"8507f217d413c1b7bcec7ec3e548408a"},{"Customer_Name":"A","Calendar_week":50,"Amount":8.0,"PickAndPay":0,"Revenue":17346.16,"Invoice_Date":"2018-12-12","Article_Number":"233761300","Article_Name":"GUIDE CARRIAGE 107X150","Order_Form_ID":"1ba05cbc23479123a7ea5bc4b686da95"},{"Customer_Name":"A","Calendar_week":50,"Amount":2.0,"PickAndPay":0,"Revenue":1109.13,"Invoice_Date":"2018-12-12","Article_Number":"111125400","Article_Name":"LEDGE 8X8X95","Order_Form_ID":"1ba05cbc23479123a7ea5bc4b686da95"},{"Customer_Name":"A","Calendar_week":50,"Amount":2.0,"PickAndPay":0,"Revenue":1127.26,"Invoice_Date":"2018-12-12","Article_Number":"111125600","Article_Name":"LEDGE 8X8X149","Order_Form_ID":"1ba05cbc23479123a7ea5bc4b686da95"},{"Customer_Name":"A","Calendar_week":50,"Amount":4.0,"PickAndPay":0,"Revenue":3162.49,"Invoice_Date":"2018-12-12","Article_Number":"553374","Article_Name":"SEALING ELEMENT RAD.288.5X260","Order_Form_ID":"1ba05cbc23479123a7ea5bc4b686da95"},{"Customer_Name":"A","Calendar_week":50,"Amount":2.0,"PickAndPay":0,"Revenue":54466.68,"Invoice_Date":"2018-12-12","Article_Number":"109704900","Article_Name":"SPRAY GUN","Order_Form_ID":"1ba05cbc23479123a7ea5bc4b686da95"},{"Customer_Name":"A","Calendar_week":50,"Amount":1.0,"PickAndPay":0,"Revenue":197.86,"Invoice_Date":"2018-12-12","Article_Number":"110991004","Article_Name":"PACKING CHARGES (CARTON) 610X410X230","Order_Form_ID":"1ba05cbc23479123a7ea5bc4b686da95"},{"Customer_Name":"A","Calendar_week":50,"Amount":4.0,"PickAndPay":0,"Revenue":2511.75,"Invoice_Date":"2018-12-13","Article_Number":"107472001","Article_Name":"SUPPORT 60X12X30","Order_Form_ID":"232ffbb4041b7e47e80bcc17bbcc7c55"},{"Customer_Name":"A","Calendar_week":50,"Amount":4.0,"PickAndPay":0,"Revenue":790.35,"Invoice_Date":"2018-12-13","Article_Number":"124595","Article_Name":"FIXATION CLIP D 30","Order_Form_ID":"232ffbb4041b7e47e80bcc17bbcc7c55"},{"Customer_Name":"A","Calendar_week":50,"Amount":1.0,"PickAndPay":0,"Revenue":197.86,"Invoice_Date":"2018-12-13","Article_Number":"110991000","Article_Name":"PACKING CHARGES (CARTON) 200X200X80","Order_Form_ID":"232ffbb4041b7e47e80bcc17bbcc7c55"},{"Customer_Name":"A","Calendar_week":51,"Amount":2.0,"PickAndPay":0,"Revenue":3427.68,"Invoice_Date":"2018-12-18","Article_Number":"233763600","Article_Name":"DOUBLE RAIL 330 LG","Order_Form_ID":"2c65b318bfca3e6ab4d9e706aacf2e92"},{"Customer_Name":"A","Calendar_week":51,"Amount":1.0,"PickAndPay":0,"Revenue":197.86,"Invoice_Date":"2018-12-18","Article_Number":"118308700","Article_Name":"PACKING CHARGES (CARTON) 330X163X172 MM","Order_Form_ID":"2c65b318bfca3e6ab4d9e706aacf2e92"},{"Customer_Name":"A","Calendar_week":51,"Amount":372.0,"PickAndPay":1,"Revenue":7035.36,"Invoice_Date":"2018-12-20","Article_Number":"100441800","Article_Name":"SUPPORTING PLATE S 10X16X1,2","Order_Form_ID":"079b7854875e6be06e3bd62d39d996e5"},{"Customer_Name":"A","Calendar_week":51,"Amount":3.0,"PickAndPay":1,"Revenue":7820.49,"Invoice_Date":"2018-12-20","Article_Number":"102955404","Article_Name":"BRUSH 1,0X300X510","Order_Form_ID":"079b7854875e6be06e3bd62d39d996e5"},{"Customer_Name":"A","Calendar_week":51,"Amount":2.0,"PickAndPay":1,"Revenue":1180.85,"Invoice_Date":"2018-12-20","Article_Number":"104581595","Article_Name":"BRAKE LINING CORRUDUR® 64X5X10","Order_Form_ID":"079b7854875e6be06e3bd62d39d996e5"},{"Customer_Name":"A","Calendar_week":51,"Amount":1.0,"PickAndPay":1,"Revenue":26732.78,"Invoice_Date":"2018-12-20","Article_Number":"105073780","Article_Name":"KNIFE 2540X32X8 AB2500","Order_Form_ID":"079b7854875e6be06e3bd62d39d996e5"},{"Customer_Name":"A","Calendar_week":51,"Amount":1.0,"PickAndPay":1,"Revenue":26732.78,"Invoice_Date":"2018-12-20","Article_Number":"105073880","Article_Name":"KNIFE 2540X28X8 AB2500","Order_Form_ID":"079b7854875e6be06e3bd62d39d996e5"},{"Customer_Name":"A","Calendar_week":51,"Amount":4.0,"PickAndPay":1,"Revenue":20956.86,"Invoice_Date":"2018-12-20","Article_Number":"105303965","Article_Name":"DISC CUT KNIFE 240X1,2\/0,35MM,20°","Order_Form_ID":"079b7854875e6be06e3bd62d39d996e5"},{"Customer_Name":"A","Calendar_week":51,"Amount":1.0,"PickAndPay":1,"Revenue":1288.03,"Invoice_Date":"2018-12-20","Article_Number":"105406991","Article_Name":"GRINDING WHEEL 50X11X19MM","Order_Form_ID":"079b7854875e6be06e3bd62d39d996e5"},{"Customer_Name":"A","Calendar_week":51,"Amount":88.0,"PickAndPay":1,"Revenue":6252.43,"Invoice_Date":"2018-12-20","Article_Number":"106606921","Article_Name":"CLEAN-OUT FINGER BL1.0X98X90LG","Order_Form_ID":"079b7854875e6be06e3bd62d39d996e5"},{"Customer_Name":"A","Calendar_week":51,"Amount":432.0,"PickAndPay":1,"Revenue":7949.37,"Invoice_Date":"2018-12-20","Article_Number":"107254210","Article_Name":"FELT 46X35X10MM","Order_Form_ID":"079b7854875e6be06e3bd62d39d996e5"},{"Customer_Name":"A","Calendar_week":51,"Amount":1.0,"PickAndPay":1,"Revenue":1584.54,"Invoice_Date":"2018-12-20","Article_Number":"108049306","Article_Name":"SET OF SEALS 10X113X122","Order_Form_ID":"079b7854875e6be06e3bd62d39d996e5"},{"Customer_Name":"A","Calendar_week":51,"Amount":1.0,"PickAndPay":1,"Revenue":1558.99,"Invoice_Date":"2018-12-20","Article_Number":"111125198","Article_Name":"GLUE DAM JOINT 3X128X197","Order_Form_ID":"079b7854875e6be06e3bd62d39d996e5"},{"Customer_Name":"A","Calendar_week":51,"Amount":1.0,"PickAndPay":1,"Revenue":1558.99,"Invoice_Date":"2018-12-20","Article_Number":"111125199","Article_Name":"GLUE DAM JOINT 3X128X197","Order_Form_ID":"079b7854875e6be06e3bd62d39d996e5"},{"Customer_Name":"A","Calendar_week":51,"Amount":2.0,"PickAndPay":1,"Revenue":5367.0,"Invoice_Date":"2018-12-20","Article_Number":"111125303","Article_Name":"GLUE DAM JOINT 3X260X220","Order_Form_ID":"079b7854875e6be06e3bd62d39d996e5"},{"Customer_Name":"A","Calendar_week":51,"Amount":1.0,"PickAndPay":1,"Revenue":75.85,"Invoice_Date":"2018-12-20","Article_Number":"113463300","Article_Name":"RUBBER SPONGE CORD D=15","Order_Form_ID":"079b7854875e6be06e3bd62d39d996e5"},{"Customer_Name":"A","Calendar_week":51,"Amount":2.0,"PickAndPay":1,"Revenue":151.69,"Invoice_Date":"2018-12-20","Article_Number":"113869700","Article_Name":"FLAT PACKING 32 X 43  X 2","Order_Form_ID":"079b7854875e6be06e3bd62d39d996e5"},{"Customer_Name":"A","Calendar_week":51,"Amount":10.0,"PickAndPay":1,"Revenue":5392.56,"Invoice_Date":"2018-12-20","Article_Number":"123052310","Article_Name":"NO-CRUSH-ROLLER 165X65X50","Order_Form_ID":"079b7854875e6be06e3bd62d39d996e5"},{"Customer_Name":"A","Calendar_week":51,"Amount":8.0,"PickAndPay":1,"Revenue":1063.23,"Invoice_Date":"2018-12-20","Article_Number":"124133400","Article_Name":"FLAT PACKING 21 X 30  X 2","Order_Form_ID":"079b7854875e6be06e3bd62d39d996e5"},{"Customer_Name":"A","Calendar_week":51,"Amount":50.0,"PickAndPay":1,"Revenue":26196.08,"Invoice_Date":"2018-12-20","Article_Number":"136481820","Article_Name":"NO-CRUSH-ROLLER 180X65X50","Order_Form_ID":"079b7854875e6be06e3bd62d39d996e5"},{"Customer_Name":"A","Calendar_week":51,"Amount":10.0,"PickAndPay":1,"Revenue":20190.15,"Invoice_Date":"2018-12-20","Article_Number":"144934001","Article_Name":"EXPANDED RUBBER DISK D 335 MM","Order_Form_ID":"079b7854875e6be06e3bd62d39d996e5"},{"Customer_Name":"A","Calendar_week":51,"Amount":2.0,"PickAndPay":1,"Revenue":265.74,"Invoice_Date":"2018-12-20","Article_Number":"177671310","Article_Name":"ADHESIVE LABEL","Order_Form_ID":"079b7854875e6be06e3bd62d39d996e5"},{"Customer_Name":"A","Calendar_week":51,"Amount":2.0,"PickAndPay":1,"Revenue":7718.26,"Invoice_Date":"2018-12-20","Article_Number":"204231295","Article_Name":"KNIFE 1300X50X1.5","Order_Form_ID":"079b7854875e6be06e3bd62d39d996e5"},{"Customer_Name":"A","Calendar_week":51,"Amount":6.0,"PickAndPay":1,"Revenue":38182.38,"Invoice_Date":"2018-12-20","Article_Number":"206103704","Article_Name":"BRUSH 1,5X250X510","Order_Form_ID":"079b7854875e6be06e3bd62d39d996e5"},{"Customer_Name":"A","Calendar_week":51,"Amount":1.0,"PickAndPay":1,"Revenue":603.2,"Invoice_Date":"2018-12-20","Article_Number":"287805700","Article_Name":"PROXIMITY SWITCH 10-30VDC\/M12\/PNP\/2MM","Order_Form_ID":"079b7854875e6be06e3bd62d39d996e5"},{"Customer_Name":"A","Calendar_week":51,"Amount":2.0,"PickAndPay":1,"Revenue":7053.77,"Invoice_Date":"2018-12-20","Article_Number":"511387.01","Article_Name":"BRUSH 2,0X400X510","Order_Form_ID":"079b7854875e6be06e3bd62d39d996e5"},{"Customer_Name":"A","Calendar_week":51,"Amount":-1.0,"PickAndPay":1,"Revenue":-75.85,"Invoice_Date":"2018-12-20","Article_Number":"137663","Article_Name":"RADIAL SHAFT SEAL A  80,0X100X10","Order_Form_ID":"e9812f5e10d094cf795faee3a12f4bfc"},{"Customer_Name":"A","Calendar_week":51,"Amount":-1.0,"PickAndPay":1,"Revenue":-75.85,"Invoice_Date":"2018-12-20","Article_Number":"137782","Article_Name":"RADIAL SHAFT SEAL A  55,0X 70X 8","Order_Form_ID":"e9812f5e10d094cf795faee3a12f4bfc"},{"Customer_Name":"A","Calendar_week":51,"Amount":-4.0,"PickAndPay":1,"Revenue":-30055.21,"Invoice_Date":"2018-12-20","Article_Number":"107969300","Article_Name":"EMERGENCY STOP MODULE 24VDC\/220VAC","Order_Form_ID":"e9812f5e10d094cf795faee3a12f4bfc"},{"Customer_Name":"A","Calendar_week":51,"Amount":-1.0,"PickAndPay":1,"Revenue":-8689.43,"Invoice_Date":"2018-12-20","Article_Number":"112314200","Article_Name":"LIGHT BARRIER 5-500MM","Order_Form_ID":"e9812f5e10d094cf795faee3a12f4bfc"},{"Customer_Name":"A","Calendar_week":51,"Amount":-1.0,"PickAndPay":1,"Revenue":-1175.63,"Invoice_Date":"2018-12-20","Article_Number":"114506600","Article_Name":"CONTACTOR","Order_Form_ID":"e9812f5e10d094cf795faee3a12f4bfc"},{"Customer_Name":"A","Calendar_week":51,"Amount":-3.0,"PickAndPay":1,"Revenue":-13954.2,"Invoice_Date":"2018-12-20","Article_Number":"119814002","Article_Name":"LIMIT SWITCH SCHARNIER 3Ö","Order_Form_ID":"e9812f5e10d094cf795faee3a12f4bfc"},{"Customer_Name":"A","Calendar_week":51,"Amount":-2.0,"PickAndPay":1,"Revenue":-363.02,"Invoice_Date":"2018-12-20","Article_Number":"173687700","Article_Name":"TORX SOCKET GR.TX40 1\/2-ZOLL","Order_Form_ID":"e9812f5e10d094cf795faee3a12f4bfc"},{"Customer_Name":"A","Calendar_week":51,"Amount":-168.0,"PickAndPay":1,"Revenue":-3177.33,"Invoice_Date":"2018-12-20","Article_Number":"177592300","Article_Name":"PLATE SPRING 8,4X15X2","Order_Form_ID":"e9812f5e10d094cf795faee3a12f4bfc"},{"Customer_Name":"A","Calendar_week":51,"Amount":-22.0,"PickAndPay":1,"Revenue":-416.06,"Invoice_Date":"2018-12-20","Article_Number":"191757200","Article_Name":"LENS HEAD SCREW M8X16","Order_Form_ID":"e9812f5e10d094cf795faee3a12f4bfc"},{"Customer_Name":"A","Calendar_week":51,"Amount":-78.0,"PickAndPay":1,"Revenue":-1475.17,"Invoice_Date":"2018-12-20","Article_Number":"191757201","Article_Name":"LENS HEAD SCREW M8X25","Order_Form_ID":"e9812f5e10d094cf795faee3a12f4bfc"},{"Customer_Name":"A","Calendar_week":52,"Amount":8.0,"PickAndPay":0,"Revenue":558.96,"Invoice_Date":"2018-12-27","Article_Number":"118345","Article_Name":"CHEESE-HEAD SCREW M6X16","Order_Form_ID":"56f6157274f2ea4323212d2d44a63360"},{"Customer_Name":"A","Calendar_week":52,"Amount":8.0,"PickAndPay":0,"Revenue":219.3,"Invoice_Date":"2018-12-27","Article_Number":"100911400","Article_Name":"DISK 6","Order_Form_ID":"56f6157274f2ea4323212d2d44a63360"},{"Customer_Name":"A","Calendar_week":52,"Amount":1.0,"PickAndPay":0,"Revenue":197.86,"Invoice_Date":"2018-12-27","Article_Number":"110991000","Article_Name":"PACKING CHARGES (CARTON) 200X200X80","Order_Form_ID":"56f6157274f2ea4323212d2d44a63360"},{"Customer_Name":"A","Calendar_week":52,"Amount":-2.0,"PickAndPay":0,"Revenue":-6593.74,"Invoice_Date":"2018-12-27","Article_Number":"121454500","Article_Name":"PILLOW BLOCK 90X30X110","Order_Form_ID":"4b69ddb8e0ffa0783e998498a51944cb"},{"Customer_Name":"A","Calendar_week":52,"Amount":-2.0,"PickAndPay":0,"Revenue":-1047.84,"Invoice_Date":"2018-12-27","Article_Number":"129430200","Article_Name":"RADIAL BALL BEARING 25X52X18","Order_Form_ID":"4b69ddb8e0ffa0783e998498a51944cb"},{"Customer_Name":"A","Calendar_week":52,"Amount":-2.0,"PickAndPay":0,"Revenue":-37.92,"Invoice_Date":"2018-12-27","Article_Number":"138014","Article_Name":"SEEGER CIRCLIP RING 25X1,2","Order_Form_ID":"4b69ddb8e0ffa0783e998498a51944cb"},{"Customer_Name":"A","Calendar_week":52,"Amount":-2.0,"PickAndPay":0,"Revenue":-37.92,"Invoice_Date":"2018-12-27","Article_Number":"138216","Article_Name":"SEEGER CIRCLIP RING 52X2,0","Order_Form_ID":"4b69ddb8e0ffa0783e998498a51944cb"},{"Customer_Name":"A","Calendar_week":52,"Amount":-1.0,"PickAndPay":0,"Revenue":-197.86,"Invoice_Date":"2018-12-27","Article_Number":"118308700","Article_Name":"PACKING CHARGES (CARTON) 330X163X172 MM","Order_Form_ID":"4b69ddb8e0ffa0783e998498a51944cb"},{"Customer_Name":"A","Calendar_week":52,"Amount":-2.0,"PickAndPay":0,"Revenue":-24125.95,"Invoice_Date":"2018-12-27","Article_Number":"121454600","Article_Name":"PILLOW BLOCK 30X235X162","Order_Form_ID":"4b69ddb8e0ffa0783e998498a51944cb"},{"Customer_Name":"A","Calendar_week":52,"Amount":-1.0,"PickAndPay":0,"Revenue":-971.72,"Invoice_Date":"2018-12-27","Article_Number":"P030FR001","Article_Name":"FREIGHT CHARGES","Order_Form_ID":"4b69ddb8e0ffa0783e998498a51944cb"},{"Customer_Name":"A","Calendar_week":52,"Amount":6.0,"PickAndPay":0,"Revenue":208.58,"Invoice_Date":"2018-12-28","Article_Number":"104000100","Article_Name":"DISK 6","Order_Form_ID":"cb63abc55d95dc479b6df9da594a0a35"},{"Customer_Name":"A","Calendar_week":52,"Amount":6.0,"PickAndPay":0,"Revenue":835.69,"Invoice_Date":"2018-12-28","Article_Number":"111125702","Article_Name":"SPACER 40\/17X2","Order_Form_ID":"cb63abc55d95dc479b6df9da594a0a35"},{"Customer_Name":"A","Calendar_week":52,"Amount":1.0,"PickAndPay":0,"Revenue":197.86,"Invoice_Date":"2018-12-28","Article_Number":"110991000","Article_Name":"PACKING CHARGES (CARTON) 200X200X80","Order_Form_ID":"cb63abc55d95dc479b6df9da594a0a35"},{"Customer_Name":"A","Calendar_week":1,"Amount":2.0,"PickAndPay":0,"Revenue":32069.28,"Invoice_Date":"2019-01-02","Article_Number":"145858500","Article_Name":"BEARINGS AND ACCESSORIES","Order_Form_ID":"3141d51a9f3493a3907cde1eda2f1e2d"},{"Customer_Name":"A","Calendar_week":1,"Amount":2.0,"PickAndPay":0,"Revenue":32582.07,"Invoice_Date":"2019-01-02","Article_Number":"145858510","Article_Name":"BEARINGS AND ACCESSORIES","Order_Form_ID":"3141d51a9f3493a3907cde1eda2f1e2d"},{"Customer_Name":"A","Calendar_week":1,"Amount":1.0,"PickAndPay":0,"Revenue":197.86,"Invoice_Date":"2019-01-02","Article_Number":"110991003","Article_Name":"PACKING CHARGES (CARTON) 360X360X250","Order_Form_ID":"3141d51a9f3493a3907cde1eda2f1e2d"},{"Customer_Name":"A","Calendar_week":1,"Amount":10.0,"PickAndPay":0,"Revenue":5841.32,"Invoice_Date":"2019-01-02","Article_Number":"168849450","Article_Name":"UNI GREASE H1 HIGH TEMP 400ML","Order_Form_ID":"6d37d548cb50bc50f639dc28b68d6009"},{"Customer_Name":"A","Calendar_week":1,"Amount":1.0,"PickAndPay":0,"Revenue":197.86,"Invoice_Date":"2019-01-02","Article_Number":"110991002","Article_Name":"PACKING CHARGES (CARTON) 300X300X200","Order_Form_ID":"6d37d548cb50bc50f639dc28b68d6009"},{"Customer_Name":"A","Calendar_week":2,"Amount":6.0,"PickAndPay":0,"Revenue":1997.58,"Invoice_Date":"2019-01-10","Article_Number":"114816800","Article_Name":"SEALING LEDGE 5,5X15X160LG","Order_Form_ID":"fee6b920291872a20bb0c6dbed078116"},{"Customer_Name":"A","Calendar_week":2,"Amount":6.0,"PickAndPay":0,"Revenue":4778.36,"Invoice_Date":"2019-01-10","Article_Number":"171516600","Article_Name":"SEAL 5,5X15X23LG","Order_Form_ID":"fee6b920291872a20bb0c6dbed078116"},{"Customer_Name":"A","Calendar_week":2,"Amount":6.0,"PickAndPay":0,"Revenue":4778.36,"Invoice_Date":"2019-01-10","Article_Number":"171516500","Article_Name":"SEAL 5,5X15X23LG","Order_Form_ID":"fee6b920291872a20bb0c6dbed078116"},{"Customer_Name":"A","Calendar_week":2,"Amount":1.0,"PickAndPay":0,"Revenue":197.86,"Invoice_Date":"2019-01-10","Article_Number":"110991000","Article_Name":"PACKING CHARGES (CARTON) 200X200X80","Order_Form_ID":"fee6b920291872a20bb0c6dbed078116"},{"Customer_Name":"A","Calendar_week":3,"Amount":10.0,"PickAndPay":0,"Revenue":19099.71,"Invoice_Date":"2019-01-18","Article_Number":"103560727","Article_Name":"BELT 80X3X2530,0","Order_Form_ID":"59594d83996648736b192ffa4d34760b"},{"Customer_Name":"A","Calendar_week":3,"Amount":2.0,"PickAndPay":0,"Revenue":9395.41,"Invoice_Date":"2019-01-18","Article_Number":"105450100","Article_Name":"TENSION PULLEY 60X  60X  70","Order_Form_ID":"59594d83996648736b192ffa4d34760b"},{"Customer_Name":"A","Calendar_week":3,"Amount":5.0,"PickAndPay":0,"Revenue":9802.13,"Invoice_Date":"2019-01-18","Article_Number":"103560703","Article_Name":"BELT 80X2450X3","Order_Form_ID":"59594d83996648736b192ffa4d34760b"},{"Customer_Name":"A","Calendar_week":3,"Amount":6.0,"PickAndPay":0,"Revenue":9284.67,"Invoice_Date":"2019-01-18","Article_Number":"103560705","Article_Name":"BELT 80X1720X 3","Order_Form_ID":"59594d83996648736b192ffa4d34760b"},{"Customer_Name":"A","Calendar_week":3,"Amount":6.0,"PickAndPay":0,"Revenue":7971.63,"Invoice_Date":"2019-01-18","Article_Number":"103560708","Article_Name":"BELT 80X3X1330","Order_Form_ID":"59594d83996648736b192ffa4d34760b"},{"Customer_Name":"A","Calendar_week":3,"Amount":4.0,"PickAndPay":0,"Revenue":7725.95,"Invoice_Date":"2019-01-18","Article_Number":"105337510","Article_Name":"PROFILED JOINT 20X25X637","Order_Form_ID":"59594d83996648736b192ffa4d34760b"},{"Customer_Name":"A","Calendar_week":3,"Amount":1.0,"PickAndPay":0,"Revenue":197.86,"Invoice_Date":"2019-01-18","Article_Number":"110991004","Article_Name":"PACKING CHARGES (CARTON) 610X410X230","Order_Form_ID":"59594d83996648736b192ffa4d34760b"},{"Customer_Name":"A","Calendar_week":4,"Amount":1.0,"PickAndPay":0,"Revenue":67234.26,"Invoice_Date":"2019-01-21","Article_Number":"851045555","Article_Name":"MODIFICATION PARTS","Order_Form_ID":"b6bf0bf45a2aa2c23b7afc2ad9ced0a7"},{"Customer_Name":"A","Calendar_week":4,"Amount":1.0,"PickAndPay":0,"Revenue":6229.35,"Invoice_Date":"2019-01-21","Article_Number":"107775901","Article_Name":"HOLDING DEVICE 169X87X10X140","Order_Form_ID":"b6bf0bf45a2aa2c23b7afc2ad9ced0a7"},{"Customer_Name":"A","Calendar_week":4,"Amount":1.0,"PickAndPay":0,"Revenue":4092.72,"Invoice_Date":"2019-01-21","Article_Number":"107808000","Article_Name":"LINEAR BALL BEARING D=20 L=54","Order_Form_ID":"b6bf0bf45a2aa2c23b7afc2ad9ced0a7"},{"Customer_Name":"A","Calendar_week":4,"Amount":1.0,"PickAndPay":0,"Revenue":197.86,"Invoice_Date":"2019-01-21","Article_Number":"118308700","Article_Name":"PACKING CHARGES (CARTON) 330X163X172 MM","Order_Form_ID":"b6bf0bf45a2aa2c23b7afc2ad9ced0a7"},{"Customer_Name":"A","Calendar_week":4,"Amount":2.0,"PickAndPay":1,"Revenue":141126.58,"Invoice_Date":"2019-01-24","Article_Number":"109888055","Article_Name":"KNIFE 2540X30X8 AB2500","Order_Form_ID":"11e2a57964407c0278a9a5d9136754ee"},{"Customer_Name":"A","Calendar_week":5,"Amount":4.0,"PickAndPay":0,"Revenue":7938.11,"Invoice_Date":"2019-01-31","Article_Number":"108079901","Article_Name":"CLAMPING ELEMENT","Order_Form_ID":"10e57fdd2910f739c12a3e7b4827fdb9"},{"Customer_Name":"A","Calendar_week":5,"Amount":1.0,"PickAndPay":0,"Revenue":197.86,"Invoice_Date":"2019-01-31","Article_Number":"110991000","Article_Name":"PACKING CHARGES (CARTON) 200X200X80","Order_Form_ID":"10e57fdd2910f739c12a3e7b4827fdb9"},{"Customer_Name":"A","Calendar_week":5,"Amount":1.0,"PickAndPay":0,"Revenue":54919.29,"Invoice_Date":"2019-02-01","Article_Number":"171651550","Article_Name":"GEAR MOTOR 2,4KW; I=41,472","Order_Form_ID":"dd7caa25105c27ed9a2f48e396e0e21e"},{"Customer_Name":"A","Calendar_week":5,"Amount":1.0,"PickAndPay":0,"Revenue":3986.64,"Invoice_Date":"2019-02-01","Article_Number":"171603001","Article_Name":"CHAIN WHEEL T1\"X17,02, Z=13","Order_Form_ID":"dd7caa25105c27ed9a2f48e396e0e21e"},{"Customer_Name":"A","Calendar_week":5,"Amount":1.0,"PickAndPay":0,"Revenue":42.6,"Invoice_Date":"2019-02-01","Article_Number":"130514900","Article_Name":"HEXAGONAL SCREW M16X35","Order_Form_ID":"dd7caa25105c27ed9a2f48e396e0e21e"},{"Customer_Name":"A","Calendar_week":5,"Amount":1.0,"PickAndPay":0,"Revenue":1566.41,"Invoice_Date":"2019-02-01","Article_Number":"V00000024","Article_Name":"PACKING CHARGES (BOX)","Order_Form_ID":"dd7caa25105c27ed9a2f48e396e0e21e"},{"Customer_Name":"A","Calendar_week":5,"Amount":1.0,"PickAndPay":0,"Revenue":80468.75,"Invoice_Date":"2019-02-01","Article_Number":"851017038","Article_Name":"MOTOR VALVE DN40-PN25 230V 50\/60 HZ","Order_Form_ID":"4ef0fe00111dee288fb2957b8b4c086d"},{"Customer_Name":"A","Calendar_week":5,"Amount":1.0,"PickAndPay":0,"Revenue":1126.71,"Invoice_Date":"2019-02-01","Article_Number":"110680400","Article_Name":"PACKING CHARGES (PAL-BOX I) 830X580X680","Order_Form_ID":"4ef0fe00111dee288fb2957b8b4c086d"},{"Customer_Name":"A","Calendar_week":6,"Amount":4.0,"PickAndPay":0,"Revenue":2590.07,"Invoice_Date":"2019-02-06","Article_Number":"144296505","Article_Name":"CLEAN SPRAY H1 EASY CORRUCLEAN® - 400 ML","Order_Form_ID":"5cabce0328068c33e02d0a20acbf3b19"},{"Customer_Name":"A","Calendar_week":6,"Amount":1.0,"PickAndPay":0,"Revenue":197.86,"Invoice_Date":"2019-02-06","Article_Number":"110991002","Article_Name":"PACKING CHARGES (CARTON) 300X300X200","Order_Form_ID":"5cabce0328068c33e02d0a20acbf3b19"},{"Customer_Name":"A","Calendar_week":6,"Amount":22.0,"PickAndPay":1,"Revenue":115262.74,"Invoice_Date":"2019-02-08","Article_Number":"105303965","Article_Name":"DISC CUT KNIFE 240X1,2\/0,35MM,20°","Order_Form_ID":"dfeca245b46846113855cc430e68f0df"},{"Customer_Name":"A","Calendar_week":6,"Amount":8.0,"PickAndPay":1,"Revenue":10304.75,"Invoice_Date":"2019-02-08","Article_Number":"105406991","Article_Name":"GRINDING WHEEL 50X11X19MM","Order_Form_ID":"dfeca245b46846113855cc430e68f0df"},{"Customer_Name":"A","Calendar_week":6,"Amount":19.0,"PickAndPay":1,"Revenue":38361.28,"Invoice_Date":"2019-02-08","Article_Number":"144934001","Article_Name":"EXPANDED RUBBER DISK D 335 MM","Order_Form_ID":"dfeca245b46846113855cc430e68f0df"},{"Customer_Name":"A","Calendar_week":6,"Amount":1.0,"PickAndPay":1,"Revenue":1226.74,"Invoice_Date":"2019-02-08","Article_Number":"109612502","Article_Name":"SEALING LEDGE 5,5X65X2665","Order_Form_ID":"dfeca245b46846113855cc430e68f0df"},{"Customer_Name":"A","Calendar_week":6,"Amount":1.0,"PickAndPay":1,"Revenue":2325.7,"Invoice_Date":"2019-02-08","Article_Number":"130241404","Article_Name":"TOOTHED BELT ATP 50X10X1150","Order_Form_ID":"dfeca245b46846113855cc430e68f0df"},{"Customer_Name":"A","Calendar_week":7,"Amount":4.0,"PickAndPay":0,"Revenue":7057.9,"Invoice_Date":"2019-02-11","Article_Number":"155448002","Article_Name":"BHS-ACTIVE DECALCER 2,5L","Order_Form_ID":"7220ad8031199b376423f04256671ff8"},{"Customer_Name":"A","Calendar_week":7,"Amount":1.0,"PickAndPay":0,"Revenue":197.86,"Invoice_Date":"2019-02-11","Article_Number":"110991002","Article_Name":"PACKING CHARGES (CARTON) 300X300X200","Order_Form_ID":"7220ad8031199b376423f04256671ff8"},{"Customer_Name":"A","Calendar_week":7,"Amount":22.0,"PickAndPay":1,"Revenue":2931.1,"Invoice_Date":"2019-02-13","Article_Number":"105303965","Article_Name":"DISC CUT KNIFE 240X1,2\/0,35MM,20°","Order_Form_ID":"c87d4a557d419b45fc01890b799641e6"},{"Customer_Name":"A","Calendar_week":7,"Amount":8.0,"PickAndPay":1,"Revenue":41.22,"Invoice_Date":"2019-02-13","Article_Number":"105406991","Article_Name":"GRINDING WHEEL 50X11X19MM","Order_Form_ID":"c87d4a557d419b45fc01890b799641e6"},{"Customer_Name":"A","Calendar_week":7,"Amount":19.0,"PickAndPay":1,"Revenue":707.91,"Invoice_Date":"2019-02-13","Article_Number":"144934001","Article_Name":"EXPANDED RUBBER DISK D 335 MM","Order_Form_ID":"c87d4a557d419b45fc01890b799641e6"},{"Customer_Name":"A","Calendar_week":7,"Amount":1.0,"PickAndPay":1,"Revenue":64.58,"Invoice_Date":"2019-02-13","Article_Number":"109612502","Article_Name":"SEALING LEDGE 5,5X65X2665","Order_Form_ID":"c87d4a557d419b45fc01890b799641e6"},{"Customer_Name":"A","Calendar_week":7,"Amount":1.0,"PickAndPay":1,"Revenue":43.97,"Invoice_Date":"2019-02-13","Article_Number":"130241404","Article_Name":"TOOTHED BELT ATP 50X10X1150","Order_Form_ID":"c87d4a557d419b45fc01890b799641e6"},{"Customer_Name":"A","Calendar_week":7,"Amount":1.0,"PickAndPay":1,"Revenue":1126.71,"Invoice_Date":"2019-02-13","Article_Number":"110680400","Article_Name":"PACKING CHARGES (PAL-BOX I) 830X580X680","Order_Form_ID":"c87d4a557d419b45fc01890b799641e6"},{"Customer_Name":"A","Calendar_week":7,"Amount":1.0,"PickAndPay":1,"Revenue":197.86,"Invoice_Date":"2019-02-13","Article_Number":"110991003","Article_Name":"PACKING CHARGES (CARTON) 360X360X250","Order_Form_ID":"c87d4a557d419b45fc01890b799641e6"},{"Customer_Name":"A","Calendar_week":7,"Amount":2.0,"PickAndPay":1,"Revenue":141126.58,"Invoice_Date":"2019-02-13","Article_Number":"109888055","Article_Name":"KNIFE 2540X30X8 AB2500","Order_Form_ID":"1af997c544b703d255d760495c9d6448"},{"Customer_Name":"A","Calendar_week":8,"Amount":1.0,"PickAndPay":0,"Revenue":111176.62,"Invoice_Date":"2019-02-19","Article_Number":"295324020","Article_Name":"CONVERTER 1XELEKTRONIK 2XSENSOR","Order_Form_ID":"636783c6d03112426787a67a09628eff"},{"Customer_Name":"A","Calendar_week":8,"Amount":1.0,"PickAndPay":0,"Revenue":197.86,"Invoice_Date":"2019-02-19","Article_Number":"118308700","Article_Name":"PACKING CHARGES (CARTON) 330X163X172 MM","Order_Form_ID":"636783c6d03112426787a67a09628eff"},{"Customer_Name":"A","Calendar_week":8,"Amount":2.0,"PickAndPay":0,"Revenue":484.21,"Invoice_Date":"2019-02-20","Article_Number":"135175","Article_Name":"RADIAL BALL BEARING 17X47X14","Order_Form_ID":"9f6cec8b5ae3e1b835ac8e259371fcaa"},{"Customer_Name":"A","Calendar_week":8,"Amount":8.0,"PickAndPay":0,"Revenue":197.31,"Invoice_Date":"2019-02-20","Article_Number":"117235","Article_Name":"HEXAGONAL SCREW M8X20","Order_Form_ID":"9f6cec8b5ae3e1b835ac8e259371fcaa"},{"Customer_Name":"A","Calendar_week":8,"Amount":2.0,"PickAndPay":0,"Revenue":6565.99,"Invoice_Date":"2019-02-20","Article_Number":"101702501","Article_Name":"BOLT 70X50","Order_Form_ID":"9f6cec8b5ae3e1b835ac8e259371fcaa"},{"Customer_Name":"A","Calendar_week":8,"Amount":2.0,"PickAndPay":0,"Revenue":41.77,"Invoice_Date":"2019-02-20","Article_Number":"120725","Article_Name":"COUNTERSUNK SCREW M6X16","Order_Form_ID":"9f6cec8b5ae3e1b835ac8e259371fcaa"},{"Customer_Name":"A","Calendar_week":8,"Amount":2.0,"PickAndPay":0,"Revenue":286.9,"Invoice_Date":"2019-02-20","Article_Number":"107461700","Article_Name":"SHIM 32\/ 6,4X4","Order_Form_ID":"9f6cec8b5ae3e1b835ac8e259371fcaa"},{"Customer_Name":"A","Calendar_week":8,"Amount":2.0,"PickAndPay":0,"Revenue":1090.99,"Invoice_Date":"2019-02-20","Article_Number":"101702401","Article_Name":"DISK 25X9","Order_Form_ID":"9f6cec8b5ae3e1b835ac8e259371fcaa"},{"Customer_Name":"A","Calendar_week":8,"Amount":1.0,"PickAndPay":0,"Revenue":197.86,"Invoice_Date":"2019-02-20","Article_Number":"110991001","Article_Name":"PACKING CHARGES (CARTON) 200X200X150","Order_Form_ID":"9f6cec8b5ae3e1b835ac8e259371fcaa"},{"Customer_Name":"A","Calendar_week":10,"Amount":1.0,"PickAndPay":0,"Revenue":47227.69,"Invoice_Date":"2019-03-05","Article_Number":"119517715","Article_Name":"SERVO CONTROLLER 10A\/380V-480V\/6,9KW","Order_Form_ID":"25f6d44fff0b863b2c8fb99f99b15685"},{"Customer_Name":"A","Calendar_week":10,"Amount":1.0,"PickAndPay":0,"Revenue":7017.77,"Invoice_Date":"2019-03-05","Article_Number":"155470300","Article_Name":"EMERGENCY STOP MODULE 2I\/2Q","Order_Form_ID":"25f6d44fff0b863b2c8fb99f99b15685"},{"Customer_Name":"A","Calendar_week":10,"Amount":1.0,"PickAndPay":0,"Revenue":197.86,"Invoice_Date":"2019-03-05","Article_Number":"110991004","Article_Name":"PACKING CHARGES (CARTON) 610X410X230","Order_Form_ID":"25f6d44fff0b863b2c8fb99f99b15685"},{"Customer_Name":"A","Calendar_week":10,"Amount":1.0,"PickAndPay":1,"Revenue":45747.3,"Invoice_Date":"2019-03-05","Article_Number":"119517715","Article_Name":"SERVO CONTROLLER 10A\/380V-480V\/6,9KW","Order_Form_ID":"2aa7a29fa8ad768a772e13f18a82128c"},{"Customer_Name":"A","Calendar_week":10,"Amount":1.0,"PickAndPay":1,"Revenue":6874.87,"Invoice_Date":"2019-03-05","Article_Number":"155470300","Article_Name":"EMERGENCY STOP MODULE 2I\/2Q","Order_Form_ID":"2aa7a29fa8ad768a772e13f18a82128c"},{"Customer_Name":"A","Calendar_week":10,"Amount":2.0,"PickAndPay":1,"Revenue":1977.79,"Invoice_Date":"2019-03-06","Article_Number":"109888055","Article_Name":"KNIFE 2540X30X8 AB2500","Order_Form_ID":"5dd55b67e1640027ba01c6dc1c6d1893"},{"Customer_Name":"A","Calendar_week":10,"Amount":88.0,"PickAndPay":1,"Revenue":46.17,"Invoice_Date":"2019-03-06","Article_Number":"177592300","Article_Name":"PLATE SPRING 8,4X15X2","Order_Form_ID":"5dd55b67e1640027ba01c6dc1c6d1893"},{"Customer_Name":"A","Calendar_week":10,"Amount":88.0,"PickAndPay":1,"Revenue":23.08,"Invoice_Date":"2019-03-06","Article_Number":"100441800","Article_Name":"SUPPORTING PLATE S 10X16X1,2","Order_Form_ID":"5dd55b67e1640027ba01c6dc1c6d1893"},{"Customer_Name":"A","Calendar_week":10,"Amount":8.0,"PickAndPay":1,"Revenue":18.96,"Invoice_Date":"2019-03-06","Article_Number":"191757200","Article_Name":"LENS HEAD SCREW M8X16","Order_Form_ID":"5dd55b67e1640027ba01c6dc1c6d1893"},{"Customer_Name":"A","Calendar_week":10,"Amount":2.0,"PickAndPay":1,"Revenue":0.55,"Invoice_Date":"2019-03-06","Article_Number":"177671310","Article_Name":"ADHESIVE LABEL","Order_Form_ID":"5dd55b67e1640027ba01c6dc1c6d1893"},{"Customer_Name":"A","Calendar_week":10,"Amount":88.0,"PickAndPay":1,"Revenue":254.47,"Invoice_Date":"2019-03-06","Article_Number":"191757201","Article_Name":"LENS HEAD SCREW M8X25","Order_Form_ID":"5dd55b67e1640027ba01c6dc1c6d1893"},{"Customer_Name":"A","Calendar_week":10,"Amount":1.0,"PickAndPay":1,"Revenue":18.14,"Invoice_Date":"2019-03-06","Article_Number":"173687700","Article_Name":"TORX SOCKET GR.TX40 1\/2-ZOLL","Order_Form_ID":"5dd55b67e1640027ba01c6dc1c6d1893"},{"Customer_Name":"A","Calendar_week":10,"Amount":1.0,"PickAndPay":1,"Revenue":1374.04,"Invoice_Date":"2019-03-06","Article_Number":"V00000007","Article_Name":"PACKING CHARGES (BOX) 2670X100X110MM","Order_Form_ID":"5dd55b67e1640027ba01c6dc1c6d1893"},{"Customer_Name":"A","Calendar_week":10,"Amount":1.0,"PickAndPay":1,"Revenue":1412.24,"Invoice_Date":"2019-03-07","Article_Number":"119517715","Article_Name":"SERVO CONTROLLER 10A\/380V-480V\/6,9KW","Order_Form_ID":"b4a73f356165fa97a2384a5e3d43eac6"},{"Customer_Name":"A","Calendar_week":10,"Amount":1.0,"PickAndPay":1,"Revenue":136.03,"Invoice_Date":"2019-03-07","Article_Number":"155470300","Article_Name":"EMERGENCY STOP MODULE 2I\/2Q","Order_Form_ID":"b4a73f356165fa97a2384a5e3d43eac6"},{"Customer_Name":"A","Calendar_week":10,"Amount":1.0,"PickAndPay":1,"Revenue":197.86,"Invoice_Date":"2019-03-07","Article_Number":"110991004","Article_Name":"PACKING CHARGES (CARTON) 610X410X230","Order_Form_ID":"b4a73f356165fa97a2384a5e3d43eac6"},{"Customer_Name":"A","Calendar_week":10,"Amount":152.0,"PickAndPay":1,"Revenue":10799.41,"Invoice_Date":"2019-03-07","Article_Number":"106606921","Article_Name":"CLEAN-OUT FINGER BL1.0X98X90LG","Order_Form_ID":"be659b6bc1dc908b8a400eea689e2f9c"},{"Customer_Name":"A","Calendar_week":10,"Amount":2.0,"PickAndPay":1,"Revenue":13749.75,"Invoice_Date":"2019-03-07","Article_Number":"155470321","Article_Name":"EMERGENCY STOP MODULE 24 VDC 3Q","Order_Form_ID":"be659b6bc1dc908b8a400eea689e2f9c"},{"Customer_Name":"A","Calendar_week":10,"Amount":-1.0,"PickAndPay":0,"Revenue":-247137.64,"Invoice_Date":"2019-03-10","Article_Number":"851035004","Article_Name":"THREE PHASE A.C. SERVOMOTOR 125A\/60KW\/11","Order_Form_ID":"0c5966a184daf8cab8f47edd37b92bfc"},{"Customer_Name":"A","Calendar_week":11,"Amount":152.0,"PickAndPay":1,"Revenue":1280.61,"Invoice_Date":"2019-03-11","Article_Number":"106606921","Article_Name":"CLEAN-OUT FINGER BL1.0X98X90LG","Order_Form_ID":"7b652785278525a5b687b5d40f8f057b"},{"Customer_Name":"A","Calendar_week":11,"Amount":2.0,"PickAndPay":1,"Revenue":113.77,"Invoice_Date":"2019-03-11","Article_Number":"155470321","Article_Name":"EMERGENCY STOP MODULE 24 VDC 3Q","Order_Form_ID":"7b652785278525a5b687b5d40f8f057b"},{"Customer_Name":"A","Calendar_week":11,"Amount":1.0,"PickAndPay":1,"Revenue":197.86,"Invoice_Date":"2019-03-11","Article_Number":"110991002","Article_Name":"PACKING CHARGES (CARTON) 300X300X200","Order_Form_ID":"7b652785278525a5b687b5d40f8f057b"},{"Customer_Name":"A","Calendar_week":11,"Amount":10.0,"PickAndPay":1,"Revenue":2241.61,"Invoice_Date":"2019-03-12","Article_Number":"102955404","Article_Name":"BRUSH 1,0X300X510","Order_Form_ID":"45f5bf42b16a33b9c8b0bd45d47eec48"},{"Customer_Name":"A","Calendar_week":11,"Amount":1.0,"PickAndPay":1,"Revenue":197.86,"Invoice_Date":"2019-03-12","Article_Number":"110991004","Article_Name":"PACKING CHARGES (CARTON) 610X410X230","Order_Form_ID":"45f5bf42b16a33b9c8b0bd45d47eec48"},{"Customer_Name":"A","Calendar_week":11,"Amount":6.0,"PickAndPay":0,"Revenue":17398.65,"Invoice_Date":"2019-03-12","Article_Number":"102955404","Article_Name":"BRUSH 1,0X300X510","Order_Form_ID":"db32559af61379a3fcb957d4e583b97e"},{"Customer_Name":"A","Calendar_week":11,"Amount":1.0,"PickAndPay":0,"Revenue":197.86,"Invoice_Date":"2019-03-12","Article_Number":"110991004","Article_Name":"PACKING CHARGES (CARTON) 610X410X230","Order_Form_ID":"db32559af61379a3fcb957d4e583b97e"},{"Customer_Name":"A","Calendar_week":11,"Amount":10.0,"PickAndPay":1,"Revenue":26068.29,"Invoice_Date":"2019-03-12","Article_Number":"102955404","Article_Name":"BRUSH 1,0X300X510","Order_Form_ID":"88ded316f95c5be0a6d1e3e2318b4af0"},{"Customer_Name":"A","Calendar_week":11,"Amount":1.0,"PickAndPay":0,"Revenue":42880.23,"Invoice_Date":"2019-03-13","Article_Number":"149777700","Article_Name":"ROLLER BLIND AB 2500","Order_Form_ID":"f903dbc0b3ae60764a653fa5b3923cca"},{"Customer_Name":"A","Calendar_week":11,"Amount":1.0,"PickAndPay":0,"Revenue":1923.66,"Invoice_Date":"2019-03-13","Article_Number":"V00000001","Article_Name":"PACKING CHARGES (BOX) 3100X140X230MM","Order_Form_ID":"f903dbc0b3ae60764a653fa5b3923cca"},{"Customer_Name":"A","Calendar_week":11,"Amount":1.0,"PickAndPay":0,"Revenue":197.86,"Invoice_Date":"2019-03-13","Article_Number":"110991000","Article_Name":"PACKING CHARGES (CARTON) 200X200X80","Order_Form_ID":"f903dbc0b3ae60764a653fa5b3923cca"},{"Customer_Name":"A","Calendar_week":12,"Amount":3.0,"PickAndPay":0,"Revenue":24564.82,"Invoice_Date":"2019-03-20","Article_Number":"246165850","Article_Name":"ROLL RO.45X6X820LG","Order_Form_ID":"3fa3ee3c88a30d4beb57d24d021f4680"},{"Customer_Name":"A","Calendar_week":12,"Amount":6.0,"PickAndPay":0,"Revenue":1695.57,"Invoice_Date":"2019-03-20","Article_Number":"104227700","Article_Name":"RADIAL BALL BEARING 20X37X9","Order_Form_ID":"3fa3ee3c88a30d4beb57d24d021f4680"},{"Customer_Name":"A","Calendar_week":12,"Amount":6.0,"PickAndPay":0,"Revenue":115.97,"Invoice_Date":"2019-03-20","Article_Number":"138010","Article_Name":"SEEGER CIRCLIP RING 20X1,2","Order_Form_ID":"3fa3ee3c88a30d4beb57d24d021f4680"},{"Customer_Name":"A","Calendar_week":12,"Amount":3.0,"PickAndPay":0,"Revenue":15537.92,"Invoice_Date":"2019-03-20","Article_Number":"124265410","Article_Name":"SHAFT RD 30X860","Order_Form_ID":"3fa3ee3c88a30d4beb57d24d021f4680"},{"Customer_Name":"A","Calendar_week":12,"Amount":1.0,"PickAndPay":0,"Revenue":1126.71,"Invoice_Date":"2019-03-20","Article_Number":"110680400","Article_Name":"PACKING CHARGES (PAL-BOX I) 830X580X680","Order_Form_ID":"3fa3ee3c88a30d4beb57d24d021f4680"},{"Customer_Name":"A","Calendar_week":12,"Amount":2.0,"PickAndPay":0,"Revenue":517.74,"Invoice_Date":"2019-03-20","Article_Number":"198302400","Article_Name":"RADIAL SHAFT SEAL A 80,0X100X10","Order_Form_ID":"7556295c42dabd67b89c8a9f39687d8f"},{"Customer_Name":"A","Calendar_week":12,"Amount":2.0,"PickAndPay":0,"Revenue":1244.33,"Invoice_Date":"2019-03-20","Article_Number":"198305600","Article_Name":"RADIAL SHAFT SEAL A 110,0X140X12","Order_Form_ID":"7556295c42dabd67b89c8a9f39687d8f"},{"Customer_Name":"A","Calendar_week":12,"Amount":2.0,"PickAndPay":0,"Revenue":11476.81,"Invoice_Date":"2019-03-20","Article_Number":"135309","Article_Name":"RADIAL ANGULAR BALL BEARING 90X160X52,4","Order_Form_ID":"7556295c42dabd67b89c8a9f39687d8f"},{"Customer_Name":"A","Calendar_week":12,"Amount":2.0,"PickAndPay":0,"Revenue":4404.07,"Invoice_Date":"2019-03-20","Article_Number":"198301500","Article_Name":"GROOVED BALL BEARING 80X140X26","Order_Form_ID":"7556295c42dabd67b89c8a9f39687d8f"},{"Customer_Name":"A","Calendar_week":12,"Amount":16.0,"PickAndPay":0,"Revenue":12617.54,"Invoice_Date":"2019-03-20","Article_Number":"104581529","Article_Name":"SEALING RING 60X  50X  7","Order_Form_ID":"7556295c42dabd67b89c8a9f39687d8f"},{"Customer_Name":"A","Calendar_week":12,"Amount":16.0,"PickAndPay":0,"Revenue":4296.07,"Invoice_Date":"2019-03-20","Article_Number":"104581528","Article_Name":"SPRING","Order_Form_ID":"7556295c42dabd67b89c8a9f39687d8f"},{"Customer_Name":"A","Calendar_week":12,"Amount":16.0,"PickAndPay":0,"Revenue":2742.31,"Invoice_Date":"2019-03-20","Article_Number":"104581513","Article_Name":"O-RING 10X2","Order_Form_ID":"7556295c42dabd67b89c8a9f39687d8f"},{"Customer_Name":"A","Calendar_week":12,"Amount":16.0,"PickAndPay":0,"Revenue":9579.26,"Invoice_Date":"2019-03-20","Article_Number":"104581595","Article_Name":"BRAKE LINING CORRUDUR® 64X5X10","Order_Form_ID":"7556295c42dabd67b89c8a9f39687d8f"},{"Customer_Name":"A","Calendar_week":12,"Amount":2.0,"PickAndPay":0,"Revenue":541.92,"Invoice_Date":"2019-03-20","Article_Number":"121606100","Article_Name":"RETURN SPRING","Order_Form_ID":"7556295c42dabd67b89c8a9f39687d8f"},{"Customer_Name":"A","Calendar_week":12,"Amount":2.0,"PickAndPay":0,"Revenue":541.92,"Invoice_Date":"2019-03-20","Article_Number":"121606101","Article_Name":"RETURN SPRING","Order_Form_ID":"7556295c42dabd67b89c8a9f39687d8f"},{"Customer_Name":"A","Calendar_week":12,"Amount":1.0,"PickAndPay":0,"Revenue":197.86,"Invoice_Date":"2019-03-20","Article_Number":"110991002","Article_Name":"PACKING CHARGES (CARTON) 300X300X200","Order_Form_ID":"7556295c42dabd67b89c8a9f39687d8f"},{"Customer_Name":"A","Calendar_week":14,"Amount":1.0,"PickAndPay":0,"Revenue":40574.04,"Invoice_Date":"2019-04-02","Article_Number":"188840001","Article_Name":"SERVO CONTROLLER 9,3A 4KW","Order_Form_ID":"10650bdf615ba5521d59de33d3c2e171"},{"Customer_Name":"A","Calendar_week":14,"Amount":1.0,"PickAndPay":0,"Revenue":197.86,"Invoice_Date":"2019-04-02","Article_Number":"110991004","Article_Name":"PACKING CHARGES (CARTON) 610X410X230","Order_Form_ID":"10650bdf615ba5521d59de33d3c2e171"},{"Customer_Name":"A","Calendar_week":14,"Amount":8.0,"PickAndPay":0,"Revenue":32651.87,"Invoice_Date":"2019-04-03","Article_Number":"107808000","Article_Name":"LINEAR BALL BEARING D=20 L=54","Order_Form_ID":"3aa5c810648a96ca50cbd90ac8c98f3a"},{"Customer_Name":"A","Calendar_week":14,"Amount":2.0,"PickAndPay":0,"Revenue":13672.53,"Invoice_Date":"2019-04-03","Article_Number":"110655600","Article_Name":"ADJUSTING NUT 50X40","Order_Form_ID":"3aa5c810648a96ca50cbd90ac8c98f3a"},{"Customer_Name":"A","Calendar_week":14,"Amount":32.0,"PickAndPay":0,"Revenue":30536.67,"Invoice_Date":"2019-04-03","Article_Number":"108508399","Article_Name":"PRESSURE SHOE, COMPLETE","Order_Form_ID":"3aa5c810648a96ca50cbd90ac8c98f3a"},{"Customer_Name":"A","Calendar_week":14,"Amount":1.0,"PickAndPay":0,"Revenue":197.86,"Invoice_Date":"2019-04-03","Article_Number":"110991002","Article_Name":"PACKING CHARGES (CARTON) 300X300X200","Order_Form_ID":"3aa5c810648a96ca50cbd90ac8c98f3a"},{"Customer_Name":"A","Calendar_week":15,"Amount":25.0,"PickAndPay":0,"Revenue":120216.16,"Invoice_Date":"2019-04-11","Article_Number":"851061487","Article_Name":"PERFLU H1 HIGH TEMP 25KG","Order_Form_ID":"b816c15f5a3f440be6ddaab4ccd82b21"},{"Customer_Name":"A","Calendar_week":15,"Amount":5.0,"PickAndPay":0,"Revenue":5098.51,"Invoice_Date":"2019-04-11","Article_Number":"182532","Article_Name":"BACOMIN V95 POWER 400ML","Order_Form_ID":"b816c15f5a3f440be6ddaab4ccd82b21"},{"Customer_Name":"A","Calendar_week":15,"Amount":25.0,"PickAndPay":0,"Revenue":76423.57,"Invoice_Date":"2019-04-11","Article_Number":"111742500","Article_Name":"BACOMIN V42-50 UNIVERSAL CORRULUB®","Order_Form_ID":"b816c15f5a3f440be6ddaab4ccd82b21"},{"Customer_Name":"A","Calendar_week":15,"Amount":1.0,"PickAndPay":0,"Revenue":1126.71,"Invoice_Date":"2019-04-11","Article_Number":"110680400","Article_Name":"PACKING CHARGES (PAL-BOX I) 830X580X680","Order_Form_ID":"b816c15f5a3f440be6ddaab4ccd82b21"},{"Customer_Name":"A","Calendar_week":15,"Amount":1.0,"PickAndPay":1,"Revenue":2709.06,"Invoice_Date":"2019-04-12","Article_Number":"197617200","Article_Name":"PROXIMITY SWITCH 10-30VDC\/PNP\/NPN\/4MM","Order_Form_ID":"db7baea5c79abe62cd9ff6001904d27a"},{"Customer_Name":"A","Calendar_week":15,"Amount":1.0,"PickAndPay":1,"Revenue":1431.2,"Invoice_Date":"2019-04-12","Article_Number":"139531","Article_Name":"STEAM HOSE 3\/4\" X450","Order_Form_ID":"db7baea5c79abe62cd9ff6001904d27a"},{"Customer_Name":"A","Calendar_week":15,"Amount":1.0,"PickAndPay":1,"Revenue":3910.24,"Invoice_Date":"2019-04-12","Article_Number":"121067160","Article_Name":"STEAM HOSE 3\/4\"X930MM","Order_Form_ID":"db7baea5c79abe62cd9ff6001904d27a"},{"Customer_Name":"A","Calendar_week":15,"Amount":1.0,"PickAndPay":1,"Revenue":275.91,"Invoice_Date":"2019-04-12","Article_Number":"158530220","Article_Name":"TOOTHED BELT HTD 15X 3X 645","Order_Form_ID":"db7baea5c79abe62cd9ff6001904d27a"},{"Customer_Name":"A","Calendar_week":15,"Amount":1.0,"PickAndPay":1,"Revenue":47025.16,"Invoice_Date":"2019-04-12","Article_Number":"119517715","Article_Name":"SERVO CONTROLLER 10A\/380V-480V\/6,9KW","Order_Form_ID":"db7baea5c79abe62cd9ff6001904d27a"},{"Customer_Name":"A","Calendar_week":15,"Amount":4.0,"PickAndPay":1,"Revenue":11040.69,"Invoice_Date":"2019-04-12","Article_Number":"111125303","Article_Name":"GLUE DAM JOINT 3X260X220","Order_Form_ID":"db7baea5c79abe62cd9ff6001904d27a"},{"Customer_Name":"A","Calendar_week":15,"Amount":2.0,"PickAndPay":1,"Revenue":3220.2,"Invoice_Date":"2019-04-12","Article_Number":"111125198","Article_Name":"GLUE DAM JOINT 3X128X197","Order_Form_ID":"db7baea5c79abe62cd9ff6001904d27a"},{"Customer_Name":"A","Calendar_week":15,"Amount":2.0,"PickAndPay":1,"Revenue":3220.2,"Invoice_Date":"2019-04-12","Article_Number":"111125199","Article_Name":"GLUE DAM JOINT 3X128X197","Order_Form_ID":"db7baea5c79abe62cd9ff6001904d27a"},{"Customer_Name":"A","Calendar_week":16,"Amount":1.0,"PickAndPay":1,"Revenue":3.85,"Invoice_Date":"2019-04-16","Article_Number":"197617200","Article_Name":"PROXIMITY SWITCH 10-30VDC\/PNP\/NPN\/4MM","Order_Form_ID":"f775660b0f79165df8ce5b08fabc0332"},{"Customer_Name":"A","Calendar_week":16,"Amount":1.0,"PickAndPay":1,"Revenue":118.99,"Invoice_Date":"2019-04-16","Article_Number":"139531","Article_Name":"STEAM HOSE 3\/4\" X450","Order_Form_ID":"f775660b0f79165df8ce5b08fabc0332"},{"Customer_Name":"A","Calendar_week":16,"Amount":1.0,"PickAndPay":1,"Revenue":167.36,"Invoice_Date":"2019-04-16","Article_Number":"121067160","Article_Name":"STEAM HOSE 3\/4\"X930MM","Order_Form_ID":"f775660b0f79165df8ce5b08fabc0332"},{"Customer_Name":"A","Calendar_week":16,"Amount":1.0,"PickAndPay":1,"Revenue":4.95,"Invoice_Date":"2019-04-16","Article_Number":"158530220","Article_Name":"TOOTHED BELT HTD 15X 3X 645","Order_Form_ID":"f775660b0f79165df8ce5b08fabc0332"},{"Customer_Name":"A","Calendar_week":16,"Amount":1.0,"PickAndPay":1,"Revenue":780.45,"Invoice_Date":"2019-04-16","Article_Number":"119517715","Article_Name":"SERVO CONTROLLER 10A\/380V-480V\/6,9KW","Order_Form_ID":"f775660b0f79165df8ce5b08fabc0332"},{"Customer_Name":"A","Calendar_week":16,"Amount":4.0,"PickAndPay":1,"Revenue":449.59,"Invoice_Date":"2019-04-16","Article_Number":"111125303","Article_Name":"GLUE DAM JOINT 3X260X220","Order_Form_ID":"f775660b0f79165df8ce5b08fabc0332"},{"Customer_Name":"A","Calendar_week":16,"Amount":2.0,"PickAndPay":1,"Revenue":79.97,"Invoice_Date":"2019-04-16","Article_Number":"111125198","Article_Name":"GLUE DAM JOINT 3X128X197","Order_Form_ID":"f775660b0f79165df8ce5b08fabc0332"},{"Customer_Name":"A","Calendar_week":16,"Amount":2.0,"PickAndPay":1,"Revenue":71.45,"Invoice_Date":"2019-04-16","Article_Number":"111125199","Article_Name":"GLUE DAM JOINT 3X128X197","Order_Form_ID":"f775660b0f79165df8ce5b08fabc0332"},{"Customer_Name":"A","Calendar_week":16,"Amount":1.0,"PickAndPay":1,"Revenue":203.36,"Invoice_Date":"2019-04-16","Article_Number":"110991004","Article_Name":"PACKING CHARGES (CARTON) 610X410X230","Order_Form_ID":"f775660b0f79165df8ce5b08fabc0332"},{"Customer_Name":"A","Calendar_week":16,"Amount":2.0,"PickAndPay":1,"Revenue":498.5,"Invoice_Date":"2019-04-16","Article_Number":"155470310","Article_Name":"EMERGENCY STOP MODULE 8I\/24 VDC","Order_Form_ID":"4d6dc3f3adcf1c2bd8725880a5d8ffa2"},{"Customer_Name":"A","Calendar_week":16,"Amount":1.0,"PickAndPay":1,"Revenue":203.36,"Invoice_Date":"2019-04-16","Article_Number":"110991000","Article_Name":"PACKING CHARGES (CARTON) 200X200X80","Order_Form_ID":"4d6dc3f3adcf1c2bd8725880a5d8ffa2"},{"Customer_Name":"A","Calendar_week":16,"Amount":1.0,"PickAndPay":0,"Revenue":2713.18,"Invoice_Date":"2019-04-16","Article_Number":"197617200","Article_Name":"PROXIMITY SWITCH 10-30VDC\/PNP\/NPN\/4MM","Order_Form_ID":"d59ce6998c5b2851b470cea05e0c5fdd"},{"Customer_Name":"A","Calendar_week":16,"Amount":5.0,"PickAndPay":0,"Revenue":7822.69,"Invoice_Date":"2019-04-16","Article_Number":"139531","Article_Name":"STEAM HOSE 3\/4\" X450","Order_Form_ID":"d59ce6998c5b2851b470cea05e0c5fdd"},{"Customer_Name":"A","Calendar_week":16,"Amount":5.0,"PickAndPay":0,"Revenue":20487.22,"Invoice_Date":"2019-04-16","Article_Number":"121067160","Article_Name":"STEAM HOSE 3\/4\"X930MM","Order_Form_ID":"d59ce6998c5b2851b470cea05e0c5fdd"},{"Customer_Name":"A","Calendar_week":16,"Amount":1.0,"PickAndPay":0,"Revenue":281.4,"Invoice_Date":"2019-04-16","Article_Number":"158530220","Article_Name":"TOOTHED BELT HTD 15X 3X 645","Order_Form_ID":"d59ce6998c5b2851b470cea05e0c5fdd"},{"Customer_Name":"A","Calendar_week":16,"Amount":1.0,"PickAndPay":0,"Revenue":9458.07,"Invoice_Date":"2019-04-16","Article_Number":"102955400","Article_Name":"BRUSH 1X300X1300","Order_Form_ID":"d59ce6998c5b2851b470cea05e0c5fdd"},{"Customer_Name":"A","Calendar_week":16,"Amount":1.0,"PickAndPay":0,"Revenue":21.71,"Invoice_Date":"2019-04-16","Article_Number":"120606","Article_Name":"WOOD SCREW 8 X 25","Order_Form_ID":"d59ce6998c5b2851b470cea05e0c5fdd"},{"Customer_Name":"A","Calendar_week":16,"Amount":33.0,"PickAndPay":0,"Revenue":32596.91,"Invoice_Date":"2019-04-16","Article_Number":"108508399","Article_Name":"PRESSURE SHOE, COMPLETE","Order_Form_ID":"d59ce6998c5b2851b470cea05e0c5fdd"},{"Customer_Name":"A","Calendar_week":16,"Amount":1.0,"PickAndPay":0,"Revenue":4496.13,"Invoice_Date":"2019-04-16","Article_Number":"124280700","Article_Name":"LAMP 24VDC","Order_Form_ID":"d59ce6998c5b2851b470cea05e0c5fdd"},{"Customer_Name":"A","Calendar_week":16,"Amount":1.0,"PickAndPay":0,"Revenue":2748.08,"Invoice_Date":"2019-04-16","Article_Number":"V00000005","Article_Name":"PACKING CHARGES (BOX) 1540X540X340MM","Order_Form_ID":"d59ce6998c5b2851b470cea05e0c5fdd"},{"Customer_Name":"A","Calendar_week":16,"Amount":2.0,"PickAndPay":1,"Revenue":10989.57,"Invoice_Date":"2019-04-16","Article_Number":"155470310","Article_Name":"EMERGENCY STOP MODULE 8I\/24 VDC","Order_Form_ID":"1a19e97d1fd68b9ce9b13ee0d343cbeb"},{"Customer_Name":"A","Calendar_week":17,"Amount":18.0,"PickAndPay":1,"Revenue":97066.05,"Invoice_Date":"2019-04-25","Article_Number":"105303965","Article_Name":"DISC CUT KNIFE 240X1,2\/0,35MM,20°","Order_Form_ID":"9ad871aa303d9bdf604f383d615f36e4"},{"Customer_Name":"A","Calendar_week":17,"Amount":10.0,"PickAndPay":1,"Revenue":13289.72,"Invoice_Date":"2019-04-25","Article_Number":"105406991","Article_Name":"GRINDING WHEEL 50X11X19MM","Order_Form_ID":"9ad871aa303d9bdf604f383d615f36e4"},{"Customer_Name":"A","Calendar_week":18,"Amount":1.0,"PickAndPay":0,"Revenue":30733.16,"Invoice_Date":"2019-04-29","Article_Number":"131139501","Article_Name":"HOSE REEL ID 9.6","Order_Form_ID":"d03d8fbc425686b4f579310131f4cc22"},{"Customer_Name":"A","Calendar_week":18,"Amount":2.0,"PickAndPay":0,"Revenue":9821.91,"Invoice_Date":"2019-04-29","Article_Number":"179013900","Article_Name":"BLADE TYPE DRIVE M 5 - 2.471NM","Order_Form_ID":"d03d8fbc425686b4f579310131f4cc22"},{"Customer_Name":"A","Calendar_week":18,"Amount":1.0,"PickAndPay":0,"Revenue":1154.19,"Invoice_Date":"2019-04-29","Article_Number":"110680400","Article_Name":"PACKING CHARGES (PAL-BOX I) 830X580X680","Order_Form_ID":"d03d8fbc425686b4f579310131f4cc22"},{"Customer_Name":"A","Calendar_week":18,"Amount":18.0,"PickAndPay":1,"Revenue":2243.53,"Invoice_Date":"2019-04-30","Article_Number":"105303965","Article_Name":"DISC CUT KNIFE 240X1,2\/0,35MM,20°","Order_Form_ID":"433f271325a95ff34b5ba84b54572f93"},{"Customer_Name":"A","Calendar_week":18,"Amount":10.0,"PickAndPay":1,"Revenue":48.37,"Invoice_Date":"2019-04-30","Article_Number":"105406991","Article_Name":"GRINDING WHEEL 50X11X19MM","Order_Form_ID":"433f271325a95ff34b5ba84b54572f93"},{"Customer_Name":"A","Calendar_week":18,"Amount":1.0,"PickAndPay":1,"Revenue":203.36,"Invoice_Date":"2019-04-30","Article_Number":"110991003","Article_Name":"PACKING CHARGES (CARTON) 360X360X250","Order_Form_ID":"433f271325a95ff34b5ba84b54572f93"},{"Customer_Name":"A","Calendar_week":18,"Amount":1.0,"PickAndPay":0,"Revenue":5516.5,"Invoice_Date":"2019-04-30","Article_Number":"155470310","Article_Name":"EMERGENCY STOP MODULE 8I\/24 VDC","Order_Form_ID":"481019738c5c28eb1ed5758f10fa570a"},{"Customer_Name":"A","Calendar_week":18,"Amount":1.0,"PickAndPay":0,"Revenue":13698.91,"Invoice_Date":"2019-04-30","Article_Number":"195034700","Article_Name":"CYLINDRICAL ROLLER BEARING 100X185X 65","Order_Form_ID":"481019738c5c28eb1ed5758f10fa570a"},{"Customer_Name":"A","Calendar_week":18,"Amount":1.0,"PickAndPay":0,"Revenue":13892.37,"Invoice_Date":"2019-04-30","Article_Number":"195034500","Article_Name":"CYLINDRICAL ROLLER BEARING 100X185X 60","Order_Form_ID":"481019738c5c28eb1ed5758f10fa570a"},{"Customer_Name":"A","Calendar_week":18,"Amount":4.0,"PickAndPay":0,"Revenue":3178.7,"Invoice_Date":"2019-04-30","Article_Number":"178021500","Article_Name":"HINGE 64X32,5X11X17","Order_Form_ID":"481019738c5c28eb1ed5758f10fa570a"},{"Customer_Name":"A","Calendar_week":18,"Amount":2.0,"PickAndPay":0,"Revenue":55.51,"Invoice_Date":"2019-04-30","Article_Number":"107555600","Article_Name":"GREASE NIPPLE, FLAT M8X1,0 D-10-MM","Order_Form_ID":"481019738c5c28eb1ed5758f10fa570a"},{"Customer_Name":"A","Calendar_week":18,"Amount":1.0,"PickAndPay":0,"Revenue":2473.27,"Invoice_Date":"2019-04-30","Article_Number":"V00000012","Article_Name":"PACKING CHARGES (BOX) 790X380X380MM","Order_Form_ID":"481019738c5c28eb1ed5758f10fa570a"},{"Customer_Name":"A","Calendar_week":18,"Amount":2.0,"PickAndPay":0,"Revenue":5986.69,"Invoice_Date":"2019-05-02","Article_Number":"137274","Article_Name":"TWO-HOLE FLANGE HOUSING 45X180X111X56,7","Order_Form_ID":"a1a22aefdc8d411c40ee286a0d365439"},{"Customer_Name":"A","Calendar_week":18,"Amount":2.0,"PickAndPay":0,"Revenue":6004.83,"Invoice_Date":"2019-05-02","Article_Number":"137260","Article_Name":"TWO-HOLE FLANGE HOUSING 45X180X42,9","Order_Form_ID":"a1a22aefdc8d411c40ee286a0d365439"},{"Customer_Name":"A","Calendar_week":18,"Amount":1.0,"PickAndPay":0,"Revenue":203.36,"Invoice_Date":"2019-05-02","Article_Number":"110991002","Article_Name":"PACKING CHARGES (CARTON) 300X300X200","Order_Form_ID":"a1a22aefdc8d411c40ee286a0d365439"},{"Customer_Name":"A","Calendar_week":19,"Amount":1.0,"PickAndPay":1,"Revenue":3143.53,"Invoice_Date":"2019-05-08","Article_Number":"155470320","Article_Name":"EMERGENCY STOP MODULE 24VDC 4Q","Order_Form_ID":"3a0efd0f03cb72d1e87eade28a43a1f2"},{"Customer_Name":"A","Calendar_week":19,"Amount":2.0,"PickAndPay":1,"Revenue":1915.96,"Invoice_Date":"2019-05-10","Article_Number":"109888055","Article_Name":"KNIFE 2540X30X8 AB2500","Order_Form_ID":"6e638e4baad6a792390f2fd71eec6259"},{"Customer_Name":"A","Calendar_week":19,"Amount":88.0,"PickAndPay":1,"Revenue":44.79,"Invoice_Date":"2019-05-10","Article_Number":"177592300","Article_Name":"PLATE SPRING 8,4X15X2","Order_Form_ID":"6e638e4baad6a792390f2fd71eec6259"},{"Customer_Name":"A","Calendar_week":19,"Amount":88.0,"PickAndPay":1,"Revenue":22.53,"Invoice_Date":"2019-05-10","Article_Number":"100441800","Article_Name":"SUPPORTING PLATE S 10X16X1,2","Order_Form_ID":"6e638e4baad6a792390f2fd71eec6259"},{"Customer_Name":"A","Calendar_week":19,"Amount":8.0,"PickAndPay":1,"Revenue":18.41,"Invoice_Date":"2019-05-10","Article_Number":"191757200","Article_Name":"LENS HEAD SCREW M8X16","Order_Form_ID":"6e638e4baad6a792390f2fd71eec6259"},{"Customer_Name":"A","Calendar_week":19,"Amount":2.0,"PickAndPay":1,"Revenue":0.55,"Invoice_Date":"2019-05-10","Article_Number":"177671310","Article_Name":"ADHESIVE LABEL","Order_Form_ID":"6e638e4baad6a792390f2fd71eec6259"},{"Customer_Name":"A","Calendar_week":19,"Amount":88.0,"PickAndPay":1,"Revenue":246.5,"Invoice_Date":"2019-05-10","Article_Number":"191757201","Article_Name":"LENS HEAD SCREW M8X25","Order_Form_ID":"6e638e4baad6a792390f2fd71eec6259"},{"Customer_Name":"A","Calendar_week":19,"Amount":1.0,"PickAndPay":1,"Revenue":17.59,"Invoice_Date":"2019-05-10","Article_Number":"173687700","Article_Name":"TORX SOCKET GR.TX40 1\/2-ZOLL","Order_Form_ID":"6e638e4baad6a792390f2fd71eec6259"},{"Customer_Name":"A","Calendar_week":19,"Amount":1.0,"PickAndPay":1,"Revenue":1374.04,"Invoice_Date":"2019-05-10","Article_Number":"V00000007","Article_Name":"PACKING CHARGES (BOX) 2670X100X110MM","Order_Form_ID":"6e638e4baad6a792390f2fd71eec6259"},{"Customer_Name":"A","Calendar_week":19,"Amount":2.0,"PickAndPay":1,"Revenue":145087.94,"Invoice_Date":"2019-05-10","Article_Number":"109888055","Article_Name":"KNIFE 2540X30X8 AB2500","Order_Form_ID":"aff2e6466d8aaa01cdd33216c14ba377"},{"Customer_Name":"A","Calendar_week":20,"Amount":3.0,"PickAndPay":1,"Revenue":298.44,"Invoice_Date":"2019-05-13","Article_Number":"155470300","Article_Name":"EMERGENCY STOP MODULE 2I\/2Q","Order_Form_ID":"951d5733137dcfcaeb57f22f0c946faa"},{"Customer_Name":"A","Calendar_week":20,"Amount":3.0,"PickAndPay":1,"Revenue":117.89,"Invoice_Date":"2019-05-13","Article_Number":"155470310","Article_Name":"EMERGENCY STOP MODULE 8I\/24 VDC","Order_Form_ID":"951d5733137dcfcaeb57f22f0c946faa"},{"Customer_Name":"A","Calendar_week":20,"Amount":3.0,"PickAndPay":1,"Revenue":186.32,"Invoice_Date":"2019-05-13","Article_Number":"155470311","Article_Name":"EMERGENCY STOP MODULE 24 VDC 5I\/1I","Order_Form_ID":"951d5733137dcfcaeb57f22f0c946faa"},{"Customer_Name":"A","Calendar_week":20,"Amount":3.0,"PickAndPay":1,"Revenue":198.96,"Invoice_Date":"2019-05-13","Article_Number":"155470321","Article_Name":"EMERGENCY STOP MODULE 24 VDC 3Q","Order_Form_ID":"951d5733137dcfcaeb57f22f0c946faa"},{"Customer_Name":"A","Calendar_week":20,"Amount":3.0,"PickAndPay":1,"Revenue":164.88,"Invoice_Date":"2019-05-13","Article_Number":"155470330","Article_Name":"EMERGENCY STOP MODULE B45H84T121MM","Order_Form_ID":"951d5733137dcfcaeb57f22f0c946faa"},{"Customer_Name":"A","Calendar_week":20,"Amount":3.0,"PickAndPay":1,"Revenue":110.47,"Invoice_Date":"2019-05-13","Article_Number":"280768800","Article_Name":"EMERGENCY STOP MODULE B22,5H96,5,T120","Order_Form_ID":"951d5733137dcfcaeb57f22f0c946faa"},{"Customer_Name":"A","Calendar_week":20,"Amount":3.0,"PickAndPay":1,"Revenue":117.89,"Invoice_Date":"2019-05-13","Article_Number":"280768801","Article_Name":"EMERGENCY STOP MODULE B22,5H96,5,T120","Order_Form_ID":"951d5733137dcfcaeb57f22f0c946faa"},{"Customer_Name":"A","Calendar_week":20,"Amount":3.0,"PickAndPay":1,"Revenue":132.46,"Invoice_Date":"2019-05-13","Article_Number":"280768802","Article_Name":"EMERGENCY STOP MODULE B22,5H96,5T120","Order_Form_ID":"951d5733137dcfcaeb57f22f0c946faa"},{"Customer_Name":"A","Calendar_week":20,"Amount":3.0,"PickAndPay":1,"Revenue":633.71,"Invoice_Date":"2019-05-13","Article_Number":"107969300","Article_Name":"EMERGENCY STOP MODULE 24VDC\/220VAC","Order_Form_ID":"951d5733137dcfcaeb57f22f0c946faa"},{"Customer_Name":"A","Calendar_week":20,"Amount":3.0,"PickAndPay":1,"Revenue":360.82,"Invoice_Date":"2019-05-13","Article_Number":"104462901","Article_Name":"EMERGENCY STOP MODULE 24VAC\/DC","Order_Form_ID":"951d5733137dcfcaeb57f22f0c946faa"},{"Customer_Name":"A","Calendar_week":20,"Amount":1.0,"PickAndPay":1,"Revenue":203.36,"Invoice_Date":"2019-05-13","Article_Number":"110991005","Article_Name":"PACKING CHARGES (CARTON) 600X400X400","Order_Form_ID":"951d5733137dcfcaeb57f22f0c946faa"},{"Customer_Name":"A","Calendar_week":20,"Amount":2.0,"PickAndPay":0,"Revenue":29247.82,"Invoice_Date":"2019-05-13","Article_Number":"107021531","Article_Name":"PISTON ROD 40\/36X273","Order_Form_ID":"15d09aacdb1f55aec00c9924c38084da"},{"Customer_Name":"A","Calendar_week":20,"Amount":8.0,"PickAndPay":0,"Revenue":12624.41,"Invoice_Date":"2019-05-13","Article_Number":"107897730","Article_Name":"HOLDING DEVICE 40X10X90","Order_Form_ID":"15d09aacdb1f55aec00c9924c38084da"},{"Customer_Name":"A","Calendar_week":20,"Amount":8.0,"PickAndPay":0,"Revenue":17491.26,"Invoice_Date":"2019-05-13","Article_Number":"107021631","Article_Name":"SAFETY BOLT 30X180","Order_Form_ID":"15d09aacdb1f55aec00c9924c38084da"},{"Customer_Name":"A","Calendar_week":20,"Amount":1.0,"PickAndPay":0,"Revenue":203.36,"Invoice_Date":"2019-05-13","Article_Number":"118308700","Article_Name":"PACKING CHARGES (CARTON) 330X163X172 MM","Order_Form_ID":"15d09aacdb1f55aec00c9924c38084da"},{"Customer_Name":"A","Calendar_week":20,"Amount":2.0,"PickAndPay":0,"Revenue":6149.93,"Invoice_Date":"2019-05-14","Article_Number":"108686700","Article_Name":"FORK 70X60X29","Order_Form_ID":"4fb392a583b7c99b1dd5e66c36351b7c"},{"Customer_Name":"A","Calendar_week":20,"Amount":2.0,"PickAndPay":0,"Revenue":4965.23,"Invoice_Date":"2019-05-14","Article_Number":"108686901","Article_Name":"PRISM 50X40X25","Order_Form_ID":"4fb392a583b7c99b1dd5e66c36351b7c"},{"Customer_Name":"A","Calendar_week":20,"Amount":2.0,"PickAndPay":0,"Revenue":41.5,"Invoice_Date":"2019-05-14","Article_Number":"121238","Article_Name":"SPRING DOWEL SLEEVE 5X50","Order_Form_ID":"4fb392a583b7c99b1dd5e66c36351b7c"},{"Customer_Name":"A","Calendar_week":20,"Amount":12.0,"PickAndPay":0,"Revenue":297.07,"Invoice_Date":"2019-05-14","Article_Number":"118399","Article_Name":"CHEESE-HEAD SCREW M8X30","Order_Form_ID":"4fb392a583b7c99b1dd5e66c36351b7c"},{"Customer_Name":"A","Calendar_week":20,"Amount":8.0,"PickAndPay":0,"Revenue":842.01,"Invoice_Date":"2019-05-14","Article_Number":"119242","Article_Name":"THREADED PIN M20X50","Order_Form_ID":"4fb392a583b7c99b1dd5e66c36351b7c"},{"Customer_Name":"A","Calendar_week":20,"Amount":1.0,"PickAndPay":0,"Revenue":203.36,"Invoice_Date":"2019-05-14","Article_Number":"110991000","Article_Name":"PACKING CHARGES (CARTON) 200X200X80","Order_Form_ID":"4fb392a583b7c99b1dd5e66c36351b7c"},{"Customer_Name":"A","Calendar_week":20,"Amount":5.0,"PickAndPay":0,"Revenue":5300.5,"Invoice_Date":"2019-05-15","Article_Number":"108508304","Article_Name":"SHOE 40X10X76","Order_Form_ID":"edd479c15bdef78a30ef03b19ecc96bb"},{"Customer_Name":"A","Calendar_week":20,"Amount":1.0,"PickAndPay":0,"Revenue":203.36,"Invoice_Date":"2019-05-15","Article_Number":"110991000","Article_Name":"PACKING CHARGES (CARTON) 200X200X80","Order_Form_ID":"edd479c15bdef78a30ef03b19ecc96bb"},{"Customer_Name":"A","Calendar_week":21,"Amount":2.0,"PickAndPay":0,"Revenue":14082.26,"Invoice_Date":"2019-05-20","Article_Number":"851044177","Article_Name":"DISC CUT KNIFE","Order_Form_ID":"9089e0df48ea0e536328936dd3265181"},{"Customer_Name":"A","Calendar_week":21,"Amount":2.0,"PickAndPay":0,"Revenue":3559.04,"Invoice_Date":"2019-05-20","Article_Number":"851051751","Article_Name":"KNIFE","Order_Form_ID":"9089e0df48ea0e536328936dd3265181"},{"Customer_Name":"A","Calendar_week":21,"Amount":4.0,"PickAndPay":0,"Revenue":2145.15,"Invoice_Date":"2019-05-20","Article_Number":"144296504","Article_Name":"OIL SPRAY H1 UNIVERSAL 400ML","Order_Form_ID":"9089e0df48ea0e536328936dd3265181"},{"Customer_Name":"A","Calendar_week":21,"Amount":4.0,"PickAndPay":0,"Revenue":2145.43,"Invoice_Date":"2019-05-20","Article_Number":"144296504","Article_Name":"OIL SPRAY H1 UNIVERSAL 400ML","Order_Form_ID":"9089e0df48ea0e536328936dd3265181"},{"Customer_Name":"A","Calendar_week":21,"Amount":1.0,"PickAndPay":0,"Revenue":540.0,"Invoice_Date":"2019-05-20","Article_Number":"168849450","Article_Name":"UNI GREASE H1 HIGH TEMP 400ML","Order_Form_ID":"9089e0df48ea0e536328936dd3265181"},{"Customer_Name":"A","Calendar_week":21,"Amount":1.0,"PickAndPay":0,"Revenue":197.86,"Invoice_Date":"2019-05-20","Article_Number":"118308700","Article_Name":"PACKING CHARGES (CARTON) 330X163X172 MM","Order_Form_ID":"9089e0df48ea0e536328936dd3265181"},{"Customer_Name":"A","Calendar_week":21,"Amount":1.0,"PickAndPay":0,"Revenue":197.86,"Invoice_Date":"2019-05-20","Article_Number":"110991002","Article_Name":"PACKING CHARGES (CARTON) 300X300X200","Order_Form_ID":"9089e0df48ea0e536328936dd3265181"},{"Customer_Name":"A","Calendar_week":22,"Amount":1.0,"PickAndPay":1,"Revenue":5801.47,"Invoice_Date":"2019-05-28","Article_Number":"103379420","Article_Name":"PROXIMITY SWITCH 10-30V,DC200MA","Order_Form_ID":"3a60d2147dc3303c356cd1ecf5b558bd"},{"Customer_Name":"A","Calendar_week":22,"Amount":1.0,"PickAndPay":1,"Revenue":7079.33,"Invoice_Date":"2019-05-28","Article_Number":"155470321","Article_Name":"EMERGENCY STOP MODULE 24 VDC 3Q","Order_Form_ID":"3a60d2147dc3303c356cd1ecf5b558bd"},{"Customer_Name":"A","Calendar_week":22,"Amount":1.0,"PickAndPay":1,"Revenue":75.57,"Invoice_Date":"2019-05-30","Article_Number":"103379420","Article_Name":"PROXIMITY SWITCH 10-30V,DC200MA","Order_Form_ID":"e74c9d529817e19e46139d8a19404aa2"},{"Customer_Name":"A","Calendar_week":22,"Amount":1.0,"PickAndPay":1,"Revenue":509.77,"Invoice_Date":"2019-05-30","Article_Number":"155470321","Article_Name":"EMERGENCY STOP MODULE 24 VDC 3Q","Order_Form_ID":"e74c9d529817e19e46139d8a19404aa2"},{"Customer_Name":"A","Calendar_week":22,"Amount":1.0,"PickAndPay":1,"Revenue":203.36,"Invoice_Date":"2019-05-30","Article_Number":"110991001","Article_Name":"PACKING CHARGES (CARTON) 200X200X150","Order_Form_ID":"e74c9d529817e19e46139d8a19404aa2"},{"Customer_Name":"A","Calendar_week":22,"Amount":4.0,"PickAndPay":0,"Revenue":866.74,"Invoice_Date":"2019-05-30","Article_Number":"117816","Article_Name":"SQUARE-HEAD BOLT M12X30","Order_Form_ID":"d86261697edbd407b2c90c2e70b33d96"},{"Customer_Name":"A","Calendar_week":22,"Amount":4.0,"PickAndPay":0,"Revenue":233.31,"Invoice_Date":"2019-05-30","Article_Number":"122204","Article_Name":"SAFETY NUT M12","Order_Form_ID":"d86261697edbd407b2c90c2e70b33d96"},{"Customer_Name":"A","Calendar_week":22,"Amount":1.0,"PickAndPay":0,"Revenue":203.36,"Invoice_Date":"2019-05-30","Article_Number":"110991000","Article_Name":"PACKING CHARGES (CARTON) 200X200X80","Order_Form_ID":"d86261697edbd407b2c90c2e70b33d96"},{"Customer_Name":"A","Calendar_week":25,"Amount":9.0,"PickAndPay":1,"Revenue":48533.03,"Invoice_Date":"2019-06-18","Article_Number":"105303965","Article_Name":"DISC CUT KNIFE 240X1,2\/0,35MM,20°","Order_Form_ID":"ac1d1c8eaa9333038a9bce6b4c42c55b"},{"Customer_Name":"A","Calendar_week":25,"Amount":6.0,"PickAndPay":1,"Revenue":7973.83,"Invoice_Date":"2019-06-18","Article_Number":"105406991","Article_Name":"GRINDING WHEEL 50X11X19MM","Order_Form_ID":"ac1d1c8eaa9333038a9bce6b4c42c55b"},{"Customer_Name":"A","Calendar_week":25,"Amount":5.0,"PickAndPay":1,"Revenue":9583.93,"Invoice_Date":"2019-06-18","Article_Number":"105337510","Article_Name":"PROFILED JOINT 20X25X637","Order_Form_ID":"ac1d1c8eaa9333038a9bce6b4c42c55b"},{"Customer_Name":"A","Calendar_week":25,"Amount":2.0,"PickAndPay":1,"Revenue":2504.6,"Invoice_Date":"2019-06-18","Article_Number":"109612502","Article_Name":"SEALING LEDGE 5,5X65X2665","Order_Form_ID":"ac1d1c8eaa9333038a9bce6b4c42c55b"},{"Customer_Name":"A","Calendar_week":25,"Amount":1.0,"PickAndPay":0,"Revenue":15414.26,"Invoice_Date":"2019-06-19","Article_Number":"231269200","Article_Name":"WEAR PLATE 150X72","Order_Form_ID":"615fa780b77d475ab32313bd49e91d57"},{"Customer_Name":"A","Calendar_week":25,"Amount":1.0,"PickAndPay":0,"Revenue":3608.23,"Invoice_Date":"2019-06-19","Article_Number":"292635900","Article_Name":"SEALING RING 95,7X103,0X2,5","Order_Form_ID":"615fa780b77d475ab32313bd49e91d57"},{"Customer_Name":"A","Calendar_week":25,"Amount":6.0,"PickAndPay":0,"Revenue":284.43,"Invoice_Date":"2019-06-19","Article_Number":"194274900","Article_Name":"CHEESE-HEAD SCREW M10X65","Order_Form_ID":"615fa780b77d475ab32313bd49e91d57"},{"Customer_Name":"A","Calendar_week":25,"Amount":1.0,"PickAndPay":0,"Revenue":203.36,"Invoice_Date":"2019-06-19","Article_Number":"110991000","Article_Name":"PACKING CHARGES (CARTON) 200X200X80","Order_Form_ID":"615fa780b77d475ab32313bd49e91d57"},{"Customer_Name":"A","Calendar_week":25,"Amount":2.0,"PickAndPay":0,"Revenue":29585.56,"Invoice_Date":"2019-06-21","Article_Number":"121010611","Article_Name":"PLATE","Order_Form_ID":"73797645f875a0f41f850cc548286595"},{"Customer_Name":"A","Calendar_week":25,"Amount":1.0,"PickAndPay":0,"Revenue":203.36,"Invoice_Date":"2019-06-21","Article_Number":"110991002","Article_Name":"PACKING CHARGES (CARTON) 300X300X200","Order_Form_ID":"73797645f875a0f41f850cc548286595"},{"Customer_Name":"A","Calendar_week":26,"Amount":3.0,"PickAndPay":0,"Revenue":2164.66,"Invoice_Date":"2019-06-24","Article_Number":"117712401","Article_Name":"TOOTHED BELT GT 30X8X720","Order_Form_ID":"c9dcae1a7340872293e0bffecdd9f86d"},{"Customer_Name":"A","Calendar_week":26,"Amount":1.0,"PickAndPay":0,"Revenue":203.36,"Invoice_Date":"2019-06-24","Article_Number":"110991001","Article_Name":"PACKING CHARGES (CARTON) 200X200X150","Order_Form_ID":"c9dcae1a7340872293e0bffecdd9f86d"}]}