{"data":[{"Customer_Name":"F","Calendar_week":2,"Amount":20.0,"PickAndPay":0,"Revenue":94292.42,"Invoice_Date":"2016-01-13","Article_Number":"105303965","Article_Name":"DISC CUT KNIFE 240X1,2\/0,35MM,20°","Order_Form_ID":"a67b93707bf36f9170856787fa1bf955"},{"Customer_Name":"F","Calendar_week":2,"Amount":20.0,"PickAndPay":0,"Revenue":22958.01,"Invoice_Date":"2016-01-13","Article_Number":"105406991","Article_Name":"GRINDING WHEEL 50X11X19MM","Order_Form_ID":"a67b93707bf36f9170856787fa1bf955"},{"Customer_Name":"F","Calendar_week":2,"Amount":2.0,"PickAndPay":0,"Revenue":384.73,"Invoice_Date":"2016-01-13","Article_Number":"110991003","Article_Name":"PACKING CHARGES (CARTON) 360X360X250","Order_Form_ID":"a67b93707bf36f9170856787fa1bf955"},{"Customer_Name":"F","Calendar_week":2,"Amount":1.0,"PickAndPay":0,"Revenue":8679.54,"Invoice_Date":"2016-01-15","Article_Number":"120220600","Article_Name":"GROOVED BALL BEARING 100\/180X34","Order_Form_ID":"624cc1def040b6fa23cdee12dc594ae9"},{"Customer_Name":"F","Calendar_week":2,"Amount":1.0,"PickAndPay":0,"Revenue":44679.39,"Invoice_Date":"2016-01-15","Article_Number":"130560800","Article_Name":"CYLINDRICAL ROLLER BEARING 100X180X 46","Order_Form_ID":"624cc1def040b6fa23cdee12dc594ae9"},{"Customer_Name":"F","Calendar_week":2,"Amount":1.0,"PickAndPay":0,"Revenue":1110.22,"Invoice_Date":"2016-01-15","Article_Number":"318808","Article_Name":"SEALING RING 38X100X2","Order_Form_ID":"624cc1def040b6fa23cdee12dc594ae9"},{"Customer_Name":"F","Calendar_week":2,"Amount":2.0,"PickAndPay":0,"Revenue":941.77,"Invoice_Date":"2016-01-15","Article_Number":"131301","Article_Name":"STUFFING BOX PACKING 8X8X485 LG.","Order_Form_ID":"624cc1def040b6fa23cdee12dc594ae9"},{"Customer_Name":"F","Calendar_week":2,"Amount":1.0,"PickAndPay":0,"Revenue":68.7,"Invoice_Date":"2016-01-15","Article_Number":"150343","Article_Name":"SEALING RING 38,0X46,0X2,0","Order_Form_ID":"624cc1def040b6fa23cdee12dc594ae9"},{"Customer_Name":"F","Calendar_week":2,"Amount":2.0,"PickAndPay":0,"Revenue":3349.36,"Invoice_Date":"2016-01-15","Article_Number":"181302","Article_Name":"SEALING RING 89,1X59,7X19,5 MM","Order_Form_ID":"624cc1def040b6fa23cdee12dc594ae9"},{"Customer_Name":"F","Calendar_week":2,"Amount":2.0,"PickAndPay":0,"Revenue":581.22,"Invoice_Date":"2016-01-15","Article_Number":"181300.02","Article_Name":"SEAL D116X99X2","Order_Form_ID":"624cc1def040b6fa23cdee12dc594ae9"},{"Customer_Name":"F","Calendar_week":2,"Amount":1.0,"PickAndPay":0,"Revenue":32.98,"Invoice_Date":"2016-01-15","Article_Number":"150011","Article_Name":"FLAT PACKING 3\/4\"\/ 27X38X2","Order_Form_ID":"624cc1def040b6fa23cdee12dc594ae9"},{"Customer_Name":"F","Calendar_week":2,"Amount":1.0,"PickAndPay":0,"Revenue":32.98,"Invoice_Date":"2016-01-15","Article_Number":"150015","Article_Name":"FLAT PACKING 41X55X2","Order_Form_ID":"624cc1def040b6fa23cdee12dc594ae9"},{"Customer_Name":"F","Calendar_week":2,"Amount":1.0,"PickAndPay":0,"Revenue":192.37,"Invoice_Date":"2016-01-15","Article_Number":"110991001","Article_Name":"PACKING CHARGES (CARTON) 200X200X150","Order_Form_ID":"624cc1def040b6fa23cdee12dc594ae9"},{"Customer_Name":"F","Calendar_week":2,"Amount":2.0,"PickAndPay":0,"Revenue":4192.75,"Invoice_Date":"2016-01-15","Article_Number":"151395402","Article_Name":"5\/2 WAY SOLENOID VALVE","Order_Form_ID":"f13e0a020f68040108fc25ad649c5be8"},{"Customer_Name":"F","Calendar_week":2,"Amount":1.0,"PickAndPay":0,"Revenue":819.2,"Invoice_Date":"2016-01-15","Article_Number":"105450500","Article_Name":"TOOTHED BELT HTD 30X8MX1440","Order_Form_ID":"f13e0a020f68040108fc25ad649c5be8"},{"Customer_Name":"F","Calendar_week":2,"Amount":1.0,"PickAndPay":0,"Revenue":192.37,"Invoice_Date":"2016-01-15","Article_Number":"110991000","Article_Name":"PACKING CHARGES (CARTON) 200X200X80","Order_Form_ID":"f13e0a020f68040108fc25ad649c5be8"},{"Customer_Name":"F","Calendar_week":3,"Amount":8.0,"PickAndPay":0,"Revenue":62942.31,"Invoice_Date":"2016-01-20","Article_Number":"105738200","Article_Name":"BRUSH 2X300X1300","Order_Form_ID":"57d9672bef10c07cda0c5ba42965ac38"},{"Customer_Name":"F","Calendar_week":3,"Amount":8.0,"PickAndPay":0,"Revenue":51973.07,"Invoice_Date":"2016-01-20","Article_Number":"511387","Article_Name":"BRUSH 2X400X1300","Order_Form_ID":"57d9672bef10c07cda0c5ba42965ac38"},{"Customer_Name":"F","Calendar_week":3,"Amount":8.0,"PickAndPay":0,"Revenue":60274.75,"Invoice_Date":"2016-01-20","Article_Number":"102955400","Article_Name":"BRUSH 1X300X1300","Order_Form_ID":"57d9672bef10c07cda0c5ba42965ac38"},{"Customer_Name":"F","Calendar_week":3,"Amount":1.0,"PickAndPay":0,"Revenue":2748.08,"Invoice_Date":"2016-01-20","Article_Number":"V00000006","Article_Name":"PACKING CHARGES (BOX) 1540X540X340MM","Order_Form_ID":"57d9672bef10c07cda0c5ba42965ac38"},{"Customer_Name":"F","Calendar_week":3,"Amount":1.0,"PickAndPay":0,"Revenue":19599.59,"Invoice_Date":"2016-01-22","Article_Number":"109411002","Article_Name":"PULSE DISTRIBUTOR IV30","Order_Form_ID":"2ed2667c4ed9dd4fac4ef8373aa8b482"},{"Customer_Name":"F","Calendar_week":3,"Amount":1.0,"PickAndPay":0,"Revenue":192.37,"Invoice_Date":"2016-01-22","Article_Number":"110991000","Article_Name":"PACKING CHARGES (CARTON) 200X200X80","Order_Form_ID":"2ed2667c4ed9dd4fac4ef8373aa8b482"},{"Customer_Name":"F","Calendar_week":6,"Amount":150.0,"PickAndPay":1,"Revenue":2452.66,"Invoice_Date":"2016-02-10","Article_Number":"107254210","Article_Name":"FELT 46X35X10MM","Order_Form_ID":"20f733db1895c2ccb8c67ccc27a17bc2"},{"Customer_Name":"F","Calendar_week":6,"Amount":1.0,"PickAndPay":1,"Revenue":481.19,"Invoice_Date":"2016-02-10","Article_Number":"122745004","Article_Name":"TOOTHED BELT 30X 5X 565","Order_Form_ID":"20f733db1895c2ccb8c67ccc27a17bc2"},{"Customer_Name":"F","Calendar_week":6,"Amount":2.0,"PickAndPay":1,"Revenue":6026.54,"Invoice_Date":"2016-02-10","Article_Number":"129724904","Article_Name":"PNEUMATIC CYLINDER 50X16-G1\/8","Order_Form_ID":"20f733db1895c2ccb8c67ccc27a17bc2"},{"Customer_Name":"F","Calendar_week":7,"Amount":1.0,"PickAndPay":1,"Revenue":779.63,"Invoice_Date":"2016-02-15","Article_Number":"P030FR001","Article_Name":"FREIGHT CHARGES","Order_Form_ID":"b9291b4a89a403e511ba6cd8cebcd25e"},{"Customer_Name":"F","Calendar_week":7,"Amount":1.0,"PickAndPay":1,"Revenue":192.37,"Invoice_Date":"2016-02-15","Article_Number":"110991002","Article_Name":"PACKING CHARGES (CARTON) 300X300X200","Order_Form_ID":"b9291b4a89a403e511ba6cd8cebcd25e"},{"Customer_Name":"F","Calendar_week":7,"Amount":2.0,"PickAndPay":0,"Revenue":1496.6,"Invoice_Date":"2016-02-18","Article_Number":"105450500","Article_Name":"TOOTHED BELT HTD 30X8MX1440","Order_Form_ID":"36bb471df20ea69701cb56373b572851"},{"Customer_Name":"F","Calendar_week":7,"Amount":1.0,"PickAndPay":0,"Revenue":192.37,"Invoice_Date":"2016-02-18","Article_Number":"110991000","Article_Name":"PACKING CHARGES (CARTON) 200X200X80","Order_Form_ID":"36bb471df20ea69701cb56373b572851"},{"Customer_Name":"F","Calendar_week":8,"Amount":10.0,"PickAndPay":0,"Revenue":3929.21,"Invoice_Date":"2016-02-22","Article_Number":"103497200","Article_Name":"SET OF SPARE PARTS TESA","Order_Form_ID":"a56358f6228c83ed413ad5c6fa76195a"},{"Customer_Name":"F","Calendar_week":8,"Amount":6.0,"PickAndPay":0,"Revenue":4369.72,"Invoice_Date":"2016-02-22","Article_Number":"226817200","Article_Name":"STEEL PIN 8H6X89,6","Order_Form_ID":"a56358f6228c83ed413ad5c6fa76195a"},{"Customer_Name":"F","Calendar_week":8,"Amount":2.0,"PickAndPay":0,"Revenue":500.98,"Invoice_Date":"2016-02-22","Article_Number":"121606101","Article_Name":"RETURN SPRING","Order_Form_ID":"a56358f6228c83ed413ad5c6fa76195a"},{"Customer_Name":"F","Calendar_week":8,"Amount":2.0,"PickAndPay":0,"Revenue":500.98,"Invoice_Date":"2016-02-22","Article_Number":"121606100","Article_Name":"RETURN SPRING","Order_Form_ID":"a56358f6228c83ed413ad5c6fa76195a"},{"Customer_Name":"F","Calendar_week":8,"Amount":1.0,"PickAndPay":0,"Revenue":192.37,"Invoice_Date":"2016-02-22","Article_Number":"110991002","Article_Name":"PACKING CHARGES (CARTON) 300X300X200","Order_Form_ID":"a56358f6228c83ed413ad5c6fa76195a"},{"Customer_Name":"F","Calendar_week":9,"Amount":1.0,"PickAndPay":0,"Revenue":8080.73,"Invoice_Date":"2016-03-03","Article_Number":"153576601","Article_Name":"TABLE","Order_Form_ID":"f306afbbfe7437a06c52b2b553cc26b4"},{"Customer_Name":"F","Calendar_week":9,"Amount":12.0,"PickAndPay":0,"Revenue":13877.81,"Invoice_Date":"2016-03-03","Article_Number":"105406991","Article_Name":"GRINDING WHEEL 50X11X19MM","Order_Form_ID":"f306afbbfe7437a06c52b2b553cc26b4"},{"Customer_Name":"F","Calendar_week":9,"Amount":1.0,"PickAndPay":0,"Revenue":6240.62,"Invoice_Date":"2016-03-03","Article_Number":"155470300","Article_Name":"EMERGENCY STOP MODULE 2I\/2Q","Order_Form_ID":"f306afbbfe7437a06c52b2b553cc26b4"},{"Customer_Name":"F","Calendar_week":9,"Amount":6.0,"PickAndPay":0,"Revenue":912.91,"Invoice_Date":"2016-03-03","Article_Number":"104581513","Article_Name":"O-RING 10X2","Order_Form_ID":"f306afbbfe7437a06c52b2b553cc26b4"},{"Customer_Name":"F","Calendar_week":9,"Amount":1.0,"PickAndPay":0,"Revenue":192.37,"Invoice_Date":"2016-03-03","Article_Number":"118308700","Article_Name":"PACKING CHARGES (CARTON) 330X163X172 MM","Order_Form_ID":"f306afbbfe7437a06c52b2b553cc26b4"},{"Customer_Name":"F","Calendar_week":11,"Amount":150.0,"PickAndPay":0,"Revenue":3303.19,"Invoice_Date":"2016-03-16","Article_Number":"110591800","Article_Name":"ADJUSTING SCREW M6X10","Order_Form_ID":"f49eb78a11bde6a4abfa46a37589025b"},{"Customer_Name":"F","Calendar_week":11,"Amount":1.0,"PickAndPay":0,"Revenue":126369.39,"Invoice_Date":"2016-03-16","Article_Number":"151128613","Article_Name":"BHS KNIFE SET AB-2500","Order_Form_ID":"f49eb78a11bde6a4abfa46a37589025b"},{"Customer_Name":"F","Calendar_week":11,"Amount":2.0,"PickAndPay":0,"Revenue":1147.32,"Invoice_Date":"2016-03-16","Article_Number":"105450500","Article_Name":"TOOTHED BELT HTD 30X8MX1440","Order_Form_ID":"f49eb78a11bde6a4abfa46a37589025b"},{"Customer_Name":"F","Calendar_week":11,"Amount":40.0,"PickAndPay":0,"Revenue":676.58,"Invoice_Date":"2016-03-16","Article_Number":"103542702","Article_Name":"PRESSURE SPRING 0,70X7,3X41,0","Order_Form_ID":"f49eb78a11bde6a4abfa46a37589025b"},{"Customer_Name":"F","Calendar_week":11,"Amount":14.0,"PickAndPay":0,"Revenue":9015.08,"Invoice_Date":"2016-03-16","Article_Number":"103216701","Article_Name":"COATING B=35 T=5","Order_Form_ID":"f49eb78a11bde6a4abfa46a37589025b"},{"Customer_Name":"F","Calendar_week":11,"Amount":50.0,"PickAndPay":0,"Revenue":19157.97,"Invoice_Date":"2016-03-16","Article_Number":"107440100","Article_Name":"NAP FOIL 120 MM BR\/25 M","Order_Form_ID":"f49eb78a11bde6a4abfa46a37589025b"},{"Customer_Name":"F","Calendar_week":11,"Amount":1.0,"PickAndPay":0,"Revenue":192.37,"Invoice_Date":"2016-03-16","Article_Number":"110991003","Article_Name":"PACKING CHARGES (CARTON) 360X360X250","Order_Form_ID":"f49eb78a11bde6a4abfa46a37589025b"},{"Customer_Name":"F","Calendar_week":11,"Amount":1.0,"PickAndPay":0,"Revenue":1374.04,"Invoice_Date":"2016-03-16","Article_Number":"V00000007","Article_Name":"PACKING CHARGES (BOX) 2670X100X110MM","Order_Form_ID":"f49eb78a11bde6a4abfa46a37589025b"},{"Customer_Name":"F","Calendar_week":12,"Amount":1.0,"PickAndPay":0,"Revenue":74912.13,"Invoice_Date":"2016-03-22","Article_Number":"117352800","Article_Name":"GUIDE ROLL 145X2550\/2570","Order_Form_ID":"fc68d179149d0c00503b836de62741d9"},{"Customer_Name":"F","Calendar_week":12,"Amount":1.0,"PickAndPay":0,"Revenue":1923.66,"Invoice_Date":"2016-03-22","Article_Number":"V00000002","Article_Name":"PACKING CHARGES (BOX) 3100X240X330MM","Order_Form_ID":"fc68d179149d0c00503b836de62741d9"},{"Customer_Name":"F","Calendar_week":13,"Amount":3.0,"PickAndPay":0,"Revenue":2327.07,"Invoice_Date":"2016-03-31","Article_Number":"105450500","Article_Name":"TOOTHED BELT HTD 30X8MX1440","Order_Form_ID":"c39c16edda17273dd073c4aacca98dd4"},{"Customer_Name":"F","Calendar_week":13,"Amount":1.0,"PickAndPay":0,"Revenue":192.37,"Invoice_Date":"2016-03-31","Article_Number":"118308700","Article_Name":"PACKING CHARGES (CARTON) 330X163X172 MM","Order_Form_ID":"c39c16edda17273dd073c4aacca98dd4"},{"Customer_Name":"F","Calendar_week":13,"Amount":66.0,"PickAndPay":0,"Revenue":55702.77,"Invoice_Date":"2016-03-31","Article_Number":"108508399","Article_Name":"PRESSURE SHOE, COMPLETE","Order_Form_ID":"f09d9145d8180f9d549108bbf4de6312"},{"Customer_Name":"F","Calendar_week":13,"Amount":1.0,"PickAndPay":0,"Revenue":192.37,"Invoice_Date":"2016-03-31","Article_Number":"118308700","Article_Name":"PACKING CHARGES (CARTON) 330X163X172 MM","Order_Form_ID":"f09d9145d8180f9d549108bbf4de6312"},{"Customer_Name":"F","Calendar_week":14,"Amount":1.0,"PickAndPay":0,"Revenue":192.37,"Invoice_Date":"2016-04-07","Article_Number":"110991000","Article_Name":"PACKING CHARGES (CARTON) 200X200X80","Order_Form_ID":"a63f2ccf61b0806b49596935ab2929e6"},{"Customer_Name":"F","Calendar_week":14,"Amount":1.0,"PickAndPay":0,"Revenue":126907.46,"Invoice_Date":"2016-04-07","Article_Number":"151128613","Article_Name":"BHS KNIFE SET AB-2500","Order_Form_ID":"89ae0a5fa8d3f06fe85ef9510c414d7d"},{"Customer_Name":"F","Calendar_week":14,"Amount":1.0,"PickAndPay":0,"Revenue":1374.04,"Invoice_Date":"2016-04-07","Article_Number":"V00000007","Article_Name":"PACKING CHARGES (BOX) 2670X100X110MM","Order_Form_ID":"89ae0a5fa8d3f06fe85ef9510c414d7d"},{"Customer_Name":"F","Calendar_week":14,"Amount":-1.0,"PickAndPay":0,"Revenue":-192.37,"Invoice_Date":"2016-04-07","Article_Number":"110991000","Article_Name":"PACKING CHARGES (CARTON) 200X200X80","Order_Form_ID":"d48caa647a938aa93691ceb0abc1a839"},{"Customer_Name":"F","Calendar_week":15,"Amount":2.0,"PickAndPay":0,"Revenue":250965.71,"Invoice_Date":"2016-04-11","Article_Number":"151128613","Article_Name":"BHS KNIFE SET AB-2500","Order_Form_ID":"008ac4490f3443a84eb55cd539b5f345"},{"Customer_Name":"F","Calendar_week":15,"Amount":1.0,"PickAndPay":0,"Revenue":1374.04,"Invoice_Date":"2016-04-11","Article_Number":"V00000007","Article_Name":"PACKING CHARGES (BOX) 2670X100X110MM","Order_Form_ID":"008ac4490f3443a84eb55cd539b5f345"},{"Customer_Name":"F","Calendar_week":15,"Amount":1.0,"PickAndPay":0,"Revenue":192.37,"Invoice_Date":"2016-04-11","Article_Number":"110991000","Article_Name":"PACKING CHARGES (CARTON) 200X200X80","Order_Form_ID":"008ac4490f3443a84eb55cd539b5f345"},{"Customer_Name":"F","Calendar_week":15,"Amount":1.0,"PickAndPay":0,"Revenue":36858.36,"Invoice_Date":"2016-04-11","Article_Number":"P030FR001","Article_Name":"FREIGHT CHARGES","Order_Form_ID":"008ac4490f3443a84eb55cd539b5f345"},{"Customer_Name":"F","Calendar_week":16,"Amount":6.0,"PickAndPay":0,"Revenue":28481.66,"Invoice_Date":"2016-04-19","Article_Number":"105303965","Article_Name":"DISC CUT KNIFE 240X1,2\/0,35MM,20°","Order_Form_ID":"02c142336d647d7cf25aa32e0bb4ca15"},{"Customer_Name":"F","Calendar_week":16,"Amount":300.0,"PickAndPay":0,"Revenue":5020.19,"Invoice_Date":"2016-04-19","Article_Number":"107254210","Article_Name":"FELT 46X35X10MM","Order_Form_ID":"02c142336d647d7cf25aa32e0bb4ca15"},{"Customer_Name":"F","Calendar_week":16,"Amount":30.0,"PickAndPay":0,"Revenue":34452.14,"Invoice_Date":"2016-04-19","Article_Number":"105406991","Article_Name":"GRINDING WHEEL 50X11X19MM","Order_Form_ID":"02c142336d647d7cf25aa32e0bb4ca15"},{"Customer_Name":"F","Calendar_week":16,"Amount":6.0,"PickAndPay":0,"Revenue":911.54,"Invoice_Date":"2016-04-19","Article_Number":"104581513","Article_Name":"O-RING 10X2","Order_Form_ID":"02c142336d647d7cf25aa32e0bb4ca15"},{"Customer_Name":"F","Calendar_week":16,"Amount":3.0,"PickAndPay":0,"Revenue":30097.8,"Invoice_Date":"2016-04-19","Article_Number":"129229600","Article_Name":"SCREWED JOINT R 1\" INNENGEW.","Order_Form_ID":"02c142336d647d7cf25aa32e0bb4ca15"},{"Customer_Name":"F","Calendar_week":16,"Amount":50.0,"PickAndPay":0,"Revenue":19137.91,"Invoice_Date":"2016-04-19","Article_Number":"107440100","Article_Name":"NAP FOIL 120 MM BR\/25 M","Order_Form_ID":"02c142336d647d7cf25aa32e0bb4ca15"},{"Customer_Name":"F","Calendar_week":16,"Amount":1.0,"PickAndPay":0,"Revenue":192.37,"Invoice_Date":"2016-04-19","Article_Number":"110991005","Article_Name":"PACKING CHARGES (CARTON) 600X400X400","Order_Form_ID":"02c142336d647d7cf25aa32e0bb4ca15"},{"Customer_Name":"F","Calendar_week":16,"Amount":1.0,"PickAndPay":0,"Revenue":20158.55,"Invoice_Date":"2016-04-19","Article_Number":"110799100","Article_Name":"CABLE, PIECES 65 M","Order_Form_ID":"55367359c0ced8d191da43a58a5a9048"},{"Customer_Name":"F","Calendar_week":16,"Amount":5.0,"PickAndPay":0,"Revenue":712.3,"Invoice_Date":"2016-04-19","Article_Number":"108239306","Article_Name":"PLUG","Order_Form_ID":"55367359c0ced8d191da43a58a5a9048"},{"Customer_Name":"F","Calendar_week":16,"Amount":1.0,"PickAndPay":0,"Revenue":20205.26,"Invoice_Date":"2016-04-19","Article_Number":"111061101","Article_Name":"OPTIC FIBRE MODULE 16DI-16DO","Order_Form_ID":"55367359c0ced8d191da43a58a5a9048"},{"Customer_Name":"F","Calendar_week":16,"Amount":1.0,"PickAndPay":0,"Revenue":56481.3,"Invoice_Date":"2016-04-19","Article_Number":"111061113","Article_Name":"OPTIC FIBRE MODULE 4AO-8DI-8DO","Order_Form_ID":"55367359c0ced8d191da43a58a5a9048"},{"Customer_Name":"F","Calendar_week":16,"Amount":1.0,"PickAndPay":0,"Revenue":37093.59,"Invoice_Date":"2016-04-19","Article_Number":"118506200","Article_Name":"TRANSMITTER 24 VDC HE 100 M \/ LWL","Order_Form_ID":"55367359c0ced8d191da43a58a5a9048"},{"Customer_Name":"F","Calendar_week":16,"Amount":16.0,"PickAndPay":0,"Revenue":1494.96,"Invoice_Date":"2016-04-19","Article_Number":"108239307","Article_Name":"CABLE LWL","Order_Form_ID":"55367359c0ced8d191da43a58a5a9048"},{"Customer_Name":"F","Calendar_week":17,"Amount":1.0,"PickAndPay":0,"Revenue":20205.26,"Invoice_Date":"2016-04-25","Article_Number":"111061101","Article_Name":"OPTIC FIBRE MODULE 16DI-16DO","Order_Form_ID":"069642a09c3cff3d4c70c724d6d71d32"},{"Customer_Name":"F","Calendar_week":17,"Amount":1.0,"PickAndPay":0,"Revenue":21489.99,"Invoice_Date":"2016-04-25","Article_Number":"111061104","Article_Name":"OPTIC FIBRE MODULE 8DI-24DO","Order_Form_ID":"069642a09c3cff3d4c70c724d6d71d32"},{"Customer_Name":"F","Calendar_week":17,"Amount":1.0,"PickAndPay":0,"Revenue":12450.18,"Invoice_Date":"2016-04-25","Article_Number":"111061106","Article_Name":"OPTIC FIBRE MODULE 8DI-8DO","Order_Form_ID":"069642a09c3cff3d4c70c724d6d71d32"},{"Customer_Name":"F","Calendar_week":17,"Amount":1.0,"PickAndPay":0,"Revenue":25910.55,"Invoice_Date":"2016-04-25","Article_Number":"P030FR001","Article_Name":"FREIGHT CHARGES","Order_Form_ID":"069642a09c3cff3d4c70c724d6d71d32"},{"Customer_Name":"F","Calendar_week":17,"Amount":1.0,"PickAndPay":0,"Revenue":1565.58,"Invoice_Date":"2016-04-25","Article_Number":"601135","Article_Name":"GLUE 1PC=1L","Order_Form_ID":"679bad8e4f4fe3d2988b5b13077d8d06"},{"Customer_Name":"F","Calendar_week":17,"Amount":2.0,"PickAndPay":0,"Revenue":10770.0,"Invoice_Date":"2016-04-25","Article_Number":"119431701","Article_Name":"SET OF SEALS D=80","Order_Form_ID":"679bad8e4f4fe3d2988b5b13077d8d06"},{"Customer_Name":"F","Calendar_week":17,"Amount":2.0,"PickAndPay":0,"Revenue":27920.22,"Invoice_Date":"2016-04-25","Article_Number":"119431700","Article_Name":"SET OF SEALS D=80","Order_Form_ID":"679bad8e4f4fe3d2988b5b13077d8d06"},{"Customer_Name":"F","Calendar_week":17,"Amount":1.0,"PickAndPay":0,"Revenue":192.37,"Invoice_Date":"2016-04-25","Article_Number":"110991002","Article_Name":"PACKING CHARGES (CARTON) 300X300X200","Order_Form_ID":"679bad8e4f4fe3d2988b5b13077d8d06"},{"Customer_Name":"F","Calendar_week":17,"Amount":1.0,"PickAndPay":0,"Revenue":7898.53,"Invoice_Date":"2016-04-26","Article_Number":"105764800","Article_Name":"TOOTHED BELT WHEEL 8X 22X30X28H7","Order_Form_ID":"a5db05619fdc42f38bf764e11795903e"},{"Customer_Name":"F","Calendar_week":17,"Amount":1.0,"PickAndPay":0,"Revenue":3291.93,"Invoice_Date":"2016-04-26","Article_Number":"105764900","Article_Name":"TOOTHED BELT WHEEL 8X34X28H7X38","Order_Form_ID":"a5db05619fdc42f38bf764e11795903e"},{"Customer_Name":"F","Calendar_week":17,"Amount":1.0,"PickAndPay":0,"Revenue":192.37,"Invoice_Date":"2016-04-26","Article_Number":"110991000","Article_Name":"PACKING CHARGES (CARTON) 200X200X80","Order_Form_ID":"a5db05619fdc42f38bf764e11795903e"},{"Customer_Name":"F","Calendar_week":17,"Amount":1.0,"PickAndPay":0,"Revenue":74912.13,"Invoice_Date":"2016-04-28","Article_Number":"117352800","Article_Name":"GUIDE ROLL 145X2550\/2570","Order_Form_ID":"56b3d4fd452da98b7b4b9be079e915fe"},{"Customer_Name":"F","Calendar_week":17,"Amount":1.0,"PickAndPay":0,"Revenue":1923.66,"Invoice_Date":"2016-04-28","Article_Number":"V00000002","Article_Name":"PACKING CHARGES (BOX) 3100X240X330MM","Order_Form_ID":"56b3d4fd452da98b7b4b9be079e915fe"},{"Customer_Name":"F","Calendar_week":18,"Amount":1.0,"PickAndPay":0,"Revenue":42632.9,"Invoice_Date":"2016-05-02","Article_Number":"144720100","Article_Name":"OPTICAL POWER MEASURING DEVICE","Order_Form_ID":"c8500d9bacdd78ac64d5495c95002cfd"},{"Customer_Name":"F","Calendar_week":18,"Amount":1.0,"PickAndPay":0,"Revenue":2604.36,"Invoice_Date":"2016-05-02","Article_Number":"144720101","Article_Name":"CHANGE ADAPTER \/ MEASURING HEAD","Order_Form_ID":"c8500d9bacdd78ac64d5495c95002cfd"},{"Customer_Name":"F","Calendar_week":18,"Amount":1.0,"PickAndPay":0,"Revenue":3257.03,"Invoice_Date":"2016-05-02","Article_Number":"144720102","Article_Name":"CHANGE ADAPTER \/ MEASURING HEAD","Order_Form_ID":"c8500d9bacdd78ac64d5495c95002cfd"},{"Customer_Name":"F","Calendar_week":18,"Amount":1.0,"PickAndPay":0,"Revenue":192.37,"Invoice_Date":"2016-05-02","Article_Number":"110991000","Article_Name":"PACKING CHARGES (CARTON) 200X200X80","Order_Form_ID":"c8500d9bacdd78ac64d5495c95002cfd"},{"Customer_Name":"F","Calendar_week":18,"Amount":9.0,"PickAndPay":0,"Revenue":42917.6,"Invoice_Date":"2016-05-06","Article_Number":"105303965","Article_Name":"DISC CUT KNIFE 240X1,2\/0,35MM,20°","Order_Form_ID":"d9ed60613e547bccd839dc13c0476382"},{"Customer_Name":"F","Calendar_week":18,"Amount":1.0,"PickAndPay":0,"Revenue":192.37,"Invoice_Date":"2016-05-06","Article_Number":"110991003","Article_Name":"PACKING CHARGES (CARTON) 360X360X250","Order_Form_ID":"d9ed60613e547bccd839dc13c0476382"},{"Customer_Name":"F","Calendar_week":20,"Amount":1.0,"PickAndPay":1,"Revenue":41427.04,"Invoice_Date":"2016-05-19","Article_Number":"BSP3000090","Article_Name":"NICE PARTS Contract","Order_Form_ID":"09844df16a42460878ac3a54e8325eec"},{"Customer_Name":"F","Calendar_week":22,"Amount":-5.0,"PickAndPay":0,"Revenue":-712.3,"Invoice_Date":"2016-05-31","Article_Number":"108239306","Article_Name":"PLUG","Order_Form_ID":"0c5a759eed84c5acd98f14d7ce171dec"},{"Customer_Name":"F","Calendar_week":22,"Amount":-1.0,"PickAndPay":0,"Revenue":-20205.26,"Invoice_Date":"2016-05-31","Article_Number":"111061101","Article_Name":"OPTIC FIBRE MODULE 16DI-16DO","Order_Form_ID":"0c5a759eed84c5acd98f14d7ce171dec"},{"Customer_Name":"F","Calendar_week":22,"Amount":-1.0,"PickAndPay":0,"Revenue":-56481.3,"Invoice_Date":"2016-05-31","Article_Number":"111061113","Article_Name":"OPTIC FIBRE MODULE 4AO-8DI-8DO","Order_Form_ID":"0c5a759eed84c5acd98f14d7ce171dec"},{"Customer_Name":"F","Calendar_week":22,"Amount":-1.0,"PickAndPay":0,"Revenue":-37093.59,"Invoice_Date":"2016-05-31","Article_Number":"118506200","Article_Name":"TRANSMITTER 24 VDC HE 100 M \/ LWL","Order_Form_ID":"0c5a759eed84c5acd98f14d7ce171dec"},{"Customer_Name":"F","Calendar_week":22,"Amount":-16.0,"PickAndPay":0,"Revenue":-1494.96,"Invoice_Date":"2016-05-31","Article_Number":"108239307","Article_Name":"CABLE LWL","Order_Form_ID":"0c5a759eed84c5acd98f14d7ce171dec"},{"Customer_Name":"F","Calendar_week":24,"Amount":2.0,"PickAndPay":0,"Revenue":1242.13,"Invoice_Date":"2016-06-15","Article_Number":"101567900","Article_Name":"KEY 12X8X500","Order_Form_ID":"053c260b039e22d6d172c5e1d92afba5"},{"Customer_Name":"F","Calendar_week":24,"Amount":7.0,"PickAndPay":0,"Revenue":7152.43,"Invoice_Date":"2016-06-15","Article_Number":"101567910","Article_Name":"KEY 12X8X222","Order_Form_ID":"053c260b039e22d6d172c5e1d92afba5"},{"Customer_Name":"F","Calendar_week":24,"Amount":2.0,"PickAndPay":0,"Revenue":102987.89,"Invoice_Date":"2016-06-15","Article_Number":"124241500","Article_Name":"DRIVE SHAFT 39,80X3944","Order_Form_ID":"053c260b039e22d6d172c5e1d92afba5"},{"Customer_Name":"F","Calendar_week":24,"Amount":34.0,"PickAndPay":0,"Revenue":575.45,"Invoice_Date":"2016-06-15","Article_Number":"118850","Article_Name":"CHEESE-HEAD SCREW M5X10","Order_Form_ID":"053c260b039e22d6d172c5e1d92afba5"},{"Customer_Name":"F","Calendar_week":24,"Amount":1.0,"PickAndPay":0,"Revenue":1923.66,"Invoice_Date":"2016-06-15","Article_Number":"V00000004","Article_Name":"PACKING CHARGES (BOX) 4100X140X240MM","Order_Form_ID":"053c260b039e22d6d172c5e1d92afba5"},{"Customer_Name":"F","Calendar_week":25,"Amount":1.0,"PickAndPay":0,"Revenue":3668.96,"Invoice_Date":"2016-06-20","Article_Number":"354899","Article_Name":"GUIDE PULLEY 80\/60\/44X40","Order_Form_ID":"0966756e86a6dba8401df0a7d2212b67"},{"Customer_Name":"F","Calendar_week":25,"Amount":1.0,"PickAndPay":0,"Revenue":192.37,"Invoice_Date":"2016-06-20","Article_Number":"110991000","Article_Name":"PACKING CHARGES (CARTON) 200X200X80","Order_Form_ID":"0966756e86a6dba8401df0a7d2212b67"},{"Customer_Name":"F","Calendar_week":25,"Amount":1.0,"PickAndPay":0,"Revenue":48539.35,"Invoice_Date":"2016-06-23","Article_Number":"143969783","Article_Name":"AIR CONDITIONER 2,0KW","Order_Form_ID":"bf118f8c3357afe4680c9938347f5ead"},{"Customer_Name":"F","Calendar_week":25,"Amount":1.0,"PickAndPay":0,"Revenue":4396.93,"Invoice_Date":"2016-06-23","Article_Number":"P030FR001","Article_Name":"FREIGHT CHARGES","Order_Form_ID":"bf118f8c3357afe4680c9938347f5ead"},{"Customer_Name":"F","Calendar_week":25,"Amount":1.0,"PickAndPay":0,"Revenue":83284.15,"Invoice_Date":"2016-06-23","Article_Number":"105210400","Article_Name":"DRIVE ROLLER 146X2556\/3063","Order_Form_ID":"7ae61a7ea3e5af19b7fd9dfc4882faa6"},{"Customer_Name":"F","Calendar_week":25,"Amount":2.0,"PickAndPay":0,"Revenue":8189.28,"Invoice_Date":"2016-06-23","Article_Number":"105450100","Article_Name":"TENSION PULLEY 60X  60X  70","Order_Form_ID":"7ae61a7ea3e5af19b7fd9dfc4882faa6"},{"Customer_Name":"F","Calendar_week":25,"Amount":1.0,"PickAndPay":0,"Revenue":7694.63,"Invoice_Date":"2016-06-23","Article_Number":"V00000010","Article_Name":"PACKING CHARGES (BOX) 3280X280X410MM","Order_Form_ID":"7ae61a7ea3e5af19b7fd9dfc4882faa6"},{"Customer_Name":"F","Calendar_week":26,"Amount":1.0,"PickAndPay":0,"Revenue":183676.49,"Invoice_Date":"2016-06-28","Article_Number":"104893600","Article_Name":"ROLL FOR THE PULSE GENERATOR FOR THE REM","Order_Form_ID":"d2038e57ca503301950c19bb83888660"},{"Customer_Name":"F","Calendar_week":26,"Amount":1.0,"PickAndPay":0,"Revenue":114030.78,"Invoice_Date":"2016-06-28","Article_Number":"112316500","Article_Name":"TRANSPORT ROLL AB-2500,D=160","Order_Form_ID":"d2038e57ca503301950c19bb83888660"},{"Customer_Name":"F","Calendar_week":26,"Amount":1.0,"PickAndPay":0,"Revenue":2748.08,"Invoice_Date":"2016-06-28","Article_Number":"V00000003","Article_Name":"PACKING CHARGES (BOX) 3100X340X430MM","Order_Form_ID":"d2038e57ca503301950c19bb83888660"},{"Customer_Name":"F","Calendar_week":26,"Amount":9.0,"PickAndPay":0,"Revenue":42877.48,"Invoice_Date":"2016-06-28","Article_Number":"105303965","Article_Name":"DISC CUT KNIFE 240X1,2\/0,35MM,20°","Order_Form_ID":"14d2f05e2732acedfc4683e62ae3bc18"},{"Customer_Name":"F","Calendar_week":26,"Amount":5.0,"PickAndPay":0,"Revenue":2884.39,"Invoice_Date":"2016-06-28","Article_Number":"105450500","Article_Name":"TOOTHED BELT HTD 30X8MX1440","Order_Form_ID":"14d2f05e2732acedfc4683e62ae3bc18"},{"Customer_Name":"F","Calendar_week":26,"Amount":20.0,"PickAndPay":0,"Revenue":22981.37,"Invoice_Date":"2016-06-28","Article_Number":"105406991","Article_Name":"GRINDING WHEEL 50X11X19MM","Order_Form_ID":"14d2f05e2732acedfc4683e62ae3bc18"},{"Customer_Name":"F","Calendar_week":26,"Amount":1.0,"PickAndPay":0,"Revenue":192.37,"Invoice_Date":"2016-06-28","Article_Number":"110991003","Article_Name":"PACKING CHARGES (CARTON) 360X360X250","Order_Form_ID":"14d2f05e2732acedfc4683e62ae3bc18"},{"Customer_Name":"F","Calendar_week":29,"Amount":1.0,"PickAndPay":0,"Revenue":2981.94,"Invoice_Date":"2016-07-18","Article_Number":"137130","Article_Name":"FLANGED BEARING WITH FOUR HOLES 45X155X4","Order_Form_ID":"70ff58987b091297bf8800d32846b31b"},{"Customer_Name":"F","Calendar_week":29,"Amount":1.0,"PickAndPay":0,"Revenue":192.37,"Invoice_Date":"2016-07-18","Article_Number":"118308700","Article_Name":"PACKING CHARGES (CARTON) 330X163X172 MM","Order_Form_ID":"70ff58987b091297bf8800d32846b31b"},{"Customer_Name":"F","Calendar_week":30,"Amount":4.0,"PickAndPay":0,"Revenue":2704.39,"Invoice_Date":"2016-07-25","Article_Number":"105450500","Article_Name":"TOOTHED BELT HTD 30X8MX1440","Order_Form_ID":"3cdd60a4de548e3513d352a707310850"},{"Customer_Name":"F","Calendar_week":30,"Amount":1.0,"PickAndPay":0,"Revenue":192.37,"Invoice_Date":"2016-07-25","Article_Number":"110991000","Article_Name":"PACKING CHARGES (CARTON) 200X200X80","Order_Form_ID":"3cdd60a4de548e3513d352a707310850"},{"Customer_Name":"F","Calendar_week":30,"Amount":2.0,"PickAndPay":0,"Revenue":7159.02,"Invoice_Date":"2016-07-29","Article_Number":"354899","Article_Name":"GUIDE PULLEY 80\/60\/44X40","Order_Form_ID":"b59b92bdb9d9b2a1759755978a4c6859"},{"Customer_Name":"F","Calendar_week":30,"Amount":1.0,"PickAndPay":0,"Revenue":192.37,"Invoice_Date":"2016-07-29","Article_Number":"110991000","Article_Name":"PACKING CHARGES (CARTON) 200X200X80","Order_Form_ID":"b59b92bdb9d9b2a1759755978a4c6859"},{"Customer_Name":"F","Calendar_week":31,"Amount":1.0,"PickAndPay":0,"Revenue":74912.13,"Invoice_Date":"2016-08-02","Article_Number":"117352800","Article_Name":"GUIDE ROLL 145X2550\/2570","Order_Form_ID":"92624d26ad412665401632b8e85941b9"},{"Customer_Name":"F","Calendar_week":31,"Amount":1.0,"PickAndPay":0,"Revenue":1923.66,"Invoice_Date":"2016-08-02","Article_Number":"V00000002","Article_Name":"PACKING CHARGES (BOX) 3100X240X330MM","Order_Form_ID":"92624d26ad412665401632b8e85941b9"},{"Customer_Name":"F","Calendar_week":31,"Amount":1.0,"PickAndPay":0,"Revenue":51641.93,"Invoice_Date":"2016-08-02","Article_Number":"143969783","Article_Name":"AIR CONDITIONER 2,0KW","Order_Form_ID":"40dbefdc47dc23ec775b07460e9a4d67"},{"Customer_Name":"F","Calendar_week":31,"Amount":1.0,"PickAndPay":0,"Revenue":412.21,"Invoice_Date":"2016-08-02","Article_Number":"V00000019","Article_Name":"PACKING CHARGES (EUR-PALLET) 1200X800X14","Order_Form_ID":"40dbefdc47dc23ec775b07460e9a4d67"},{"Customer_Name":"F","Calendar_week":31,"Amount":1.0,"PickAndPay":0,"Revenue":2701.64,"Invoice_Date":"2016-08-04","Article_Number":"137131","Article_Name":"FLANGED BEARING WITH FOUR HOLES 45X155X4","Order_Form_ID":"bf9f6855e6f47bc122d202dd13b93fe7"},{"Customer_Name":"F","Calendar_week":31,"Amount":1.0,"PickAndPay":0,"Revenue":192.37,"Invoice_Date":"2016-08-04","Article_Number":"118308700","Article_Name":"PACKING CHARGES (CARTON) 330X163X172 MM","Order_Form_ID":"bf9f6855e6f47bc122d202dd13b93fe7"},{"Customer_Name":"F","Calendar_week":31,"Amount":1.0,"PickAndPay":0,"Revenue":8725.43,"Invoice_Date":"2016-08-05","Article_Number":"102633200","Article_Name":"ADAPTER 75\/45X306","Order_Form_ID":"feb7a446fad0b73a626225b04611d7a0"},{"Customer_Name":"F","Calendar_week":31,"Amount":1.0,"PickAndPay":0,"Revenue":192.37,"Invoice_Date":"2016-08-05","Article_Number":"118308700","Article_Name":"PACKING CHARGES (CARTON) 330X163X172 MM","Order_Form_ID":"feb7a446fad0b73a626225b04611d7a0"},{"Customer_Name":"F","Calendar_week":31,"Amount":100.0,"PickAndPay":0,"Revenue":26611.59,"Invoice_Date":"2016-08-05","Article_Number":"128157800","Article_Name":"SCRAPER BLADE 188X55X1,5","Order_Form_ID":"0fc558943aa54108b39618949ce9800f"},{"Customer_Name":"F","Calendar_week":31,"Amount":1.0,"PickAndPay":0,"Revenue":192.37,"Invoice_Date":"2016-08-05","Article_Number":"110991000","Article_Name":"PACKING CHARGES (CARTON) 200X200X80","Order_Form_ID":"0fc558943aa54108b39618949ce9800f"},{"Customer_Name":"F","Calendar_week":32,"Amount":1.0,"PickAndPay":0,"Revenue":2197.37,"Invoice_Date":"2016-08-09","Article_Number":"180861.01","Article_Name":"LIMIT SWITCH\/REED 24V","Order_Form_ID":"9e677fb09f0d9a221c664daefa18612e"},{"Customer_Name":"F","Calendar_week":32,"Amount":1.0,"PickAndPay":0,"Revenue":192.37,"Invoice_Date":"2016-08-09","Article_Number":"110991000","Article_Name":"PACKING CHARGES (CARTON) 200X200X80","Order_Form_ID":"9e677fb09f0d9a221c664daefa18612e"},{"Customer_Name":"F","Calendar_week":32,"Amount":-1.0,"PickAndPay":0,"Revenue":-49637.21,"Invoice_Date":"2016-08-12","Article_Number":"124241500","Article_Name":"DRIVE SHAFT 39,80X3944","Order_Form_ID":"ba379ee06c22b5e18d144380994f1735"},{"Customer_Name":"F","Calendar_week":34,"Amount":10.0,"PickAndPay":0,"Revenue":47622.04,"Invoice_Date":"2016-08-22","Article_Number":"105303965","Article_Name":"DISC CUT KNIFE 240X1,2\/0,35MM,20°","Order_Form_ID":"1444f768c56ce0679eb41280bd6ebed0"},{"Customer_Name":"F","Calendar_week":34,"Amount":20.0,"PickAndPay":0,"Revenue":22980.0,"Invoice_Date":"2016-08-22","Article_Number":"105406991","Article_Name":"GRINDING WHEEL 50X11X19MM","Order_Form_ID":"1444f768c56ce0679eb41280bd6ebed0"},{"Customer_Name":"F","Calendar_week":34,"Amount":1.0,"PickAndPay":0,"Revenue":192.37,"Invoice_Date":"2016-08-22","Article_Number":"110991000","Article_Name":"PACKING CHARGES (CARTON) 200X200X80","Order_Form_ID":"1444f768c56ce0679eb41280bd6ebed0"},{"Customer_Name":"F","Calendar_week":34,"Amount":1.0,"PickAndPay":0,"Revenue":192.37,"Invoice_Date":"2016-08-22","Article_Number":"V00000025","Article_Name":"PACKING CHARGES (CARTON)","Order_Form_ID":"1444f768c56ce0679eb41280bd6ebed0"},{"Customer_Name":"F","Calendar_week":35,"Amount":1.0,"PickAndPay":0,"Revenue":37739.67,"Invoice_Date":"2016-08-31","Article_Number":"118506200","Article_Name":"TRANSMITTER 24 VDC HE 100 M \/ LWL","Order_Form_ID":"a3881bdf35658a2318d37b6cb5809dae"},{"Customer_Name":"F","Calendar_week":35,"Amount":1.0,"PickAndPay":0,"Revenue":192.37,"Invoice_Date":"2016-08-31","Article_Number":"118308700","Article_Name":"PACKING CHARGES (CARTON) 330X163X172 MM","Order_Form_ID":"a3881bdf35658a2318d37b6cb5809dae"},{"Customer_Name":"F","Calendar_week":36,"Amount":1.0,"PickAndPay":0,"Revenue":74899.76,"Invoice_Date":"2016-09-07","Article_Number":"117352800","Article_Name":"GUIDE ROLL 145X2550\/2570","Order_Form_ID":"5882fefa48dc9c4f2eec7624e65915da"},{"Customer_Name":"F","Calendar_week":36,"Amount":2.0,"PickAndPay":0,"Revenue":15615.97,"Invoice_Date":"2016-09-07","Article_Number":"102633200","Article_Name":"ADAPTER 75\/45X306","Order_Form_ID":"5882fefa48dc9c4f2eec7624e65915da"},{"Customer_Name":"F","Calendar_week":36,"Amount":1.0,"PickAndPay":0,"Revenue":1923.66,"Invoice_Date":"2016-09-07","Article_Number":"V00000002","Article_Name":"PACKING CHARGES (BOX) 3100X240X330MM","Order_Form_ID":"5882fefa48dc9c4f2eec7624e65915da"},{"Customer_Name":"F","Calendar_week":39,"Amount":200.0,"PickAndPay":0,"Revenue":3347.16,"Invoice_Date":"2016-09-30","Article_Number":"107254210","Article_Name":"FELT 46X35X10MM","Order_Form_ID":"ef9151da08f7e9c2d1c17cff098acf71"},{"Customer_Name":"F","Calendar_week":39,"Amount":2.0,"PickAndPay":0,"Revenue":252675.84,"Invoice_Date":"2016-09-30","Article_Number":"151128613","Article_Name":"BHS KNIFE SET AB-2500","Order_Form_ID":"ef9151da08f7e9c2d1c17cff098acf71"},{"Customer_Name":"F","Calendar_week":39,"Amount":1.0,"PickAndPay":0,"Revenue":1374.04,"Invoice_Date":"2016-09-30","Article_Number":"V00000007","Article_Name":"PACKING CHARGES (BOX) 2670X100X110MM","Order_Form_ID":"ef9151da08f7e9c2d1c17cff098acf71"},{"Customer_Name":"F","Calendar_week":39,"Amount":1.0,"PickAndPay":0,"Revenue":192.37,"Invoice_Date":"2016-09-30","Article_Number":"118308700","Article_Name":"PACKING CHARGES (CARTON) 330X163X172 MM","Order_Form_ID":"ef9151da08f7e9c2d1c17cff098acf71"},{"Customer_Name":"F","Calendar_week":40,"Amount":1.0,"PickAndPay":0,"Revenue":7801.8,"Invoice_Date":"2016-10-08","Article_Number":"102633200","Article_Name":"ADAPTER 75\/45X306","Order_Form_ID":"524b5feb59131b98578dd34f723cad9a"},{"Customer_Name":"F","Calendar_week":40,"Amount":1.0,"PickAndPay":0,"Revenue":192.37,"Invoice_Date":"2016-10-08","Article_Number":"118308700","Article_Name":"PACKING CHARGES (CARTON) 330X163X172 MM","Order_Form_ID":"524b5feb59131b98578dd34f723cad9a"},{"Customer_Name":"F","Calendar_week":41,"Amount":2.0,"PickAndPay":0,"Revenue":2594.74,"Invoice_Date":"2016-10-11","Article_Number":"601135","Article_Name":"GLUE 1PC=1L","Order_Form_ID":"e77172cb8f9ce3d300f19277b0711520"},{"Customer_Name":"F","Calendar_week":41,"Amount":6.0,"PickAndPay":0,"Revenue":2214.13,"Invoice_Date":"2016-10-11","Article_Number":"104230500","Article_Name":"FOAM RUBBER 60X12X2600","Order_Form_ID":"e77172cb8f9ce3d300f19277b0711520"},{"Customer_Name":"F","Calendar_week":41,"Amount":1.0,"PickAndPay":0,"Revenue":192.37,"Invoice_Date":"2016-10-11","Article_Number":"110991003","Article_Name":"PACKING CHARGES (CARTON) 360X360X250","Order_Form_ID":"e77172cb8f9ce3d300f19277b0711520"},{"Customer_Name":"F","Calendar_week":41,"Amount":1.0,"PickAndPay":0,"Revenue":42302.58,"Invoice_Date":"2016-10-11","Article_Number":"113007800","Article_Name":"COUPLING 70","Order_Form_ID":"b9e747afa0cba7d556cd8232c915fd07"},{"Customer_Name":"F","Calendar_week":41,"Amount":1.0,"PickAndPay":0,"Revenue":42302.58,"Invoice_Date":"2016-10-11","Article_Number":"113007800","Article_Name":"COUPLING 70","Order_Form_ID":"b9e747afa0cba7d556cd8232c915fd07"},{"Customer_Name":"F","Calendar_week":41,"Amount":1.0,"PickAndPay":0,"Revenue":44634.32,"Invoice_Date":"2016-10-12","Article_Number":"143969779","Article_Name":"AIR CONDITIONER 1,0KW","Order_Form_ID":"b781b06fa61f38ee5b537a1caae7a014"},{"Customer_Name":"F","Calendar_week":41,"Amount":1.0,"PickAndPay":0,"Revenue":412.21,"Invoice_Date":"2016-10-12","Article_Number":"V00000019","Article_Name":"PACKING CHARGES (EUR-PALLET) 1200X800X14","Order_Form_ID":"b781b06fa61f38ee5b537a1caae7a014"},{"Customer_Name":"F","Calendar_week":42,"Amount":4.0,"PickAndPay":0,"Revenue":7331.05,"Invoice_Date":"2016-10-17","Article_Number":"100625800","Article_Name":"GUIDE PULLEY 32X14X26","Order_Form_ID":"76ca745274b725ce9f0a915f21fdb1f3"},{"Customer_Name":"F","Calendar_week":42,"Amount":3.0,"PickAndPay":0,"Revenue":18652.6,"Invoice_Date":"2016-10-17","Article_Number":"104581512","Article_Name":"CALIPER OF THE DISK BRAKE","Order_Form_ID":"76ca745274b725ce9f0a915f21fdb1f3"},{"Customer_Name":"F","Calendar_week":42,"Amount":1.0,"PickAndPay":0,"Revenue":192.37,"Invoice_Date":"2016-10-17","Article_Number":"110991001","Article_Name":"PACKING CHARGES (CARTON) 200X200X150","Order_Form_ID":"76ca745274b725ce9f0a915f21fdb1f3"},{"Customer_Name":"F","Calendar_week":42,"Amount":25.0,"PickAndPay":0,"Revenue":117898.15,"Invoice_Date":"2016-10-19","Article_Number":"105303965","Article_Name":"DISC CUT KNIFE 240X1,2\/0,35MM,20°","Order_Form_ID":"43ea9d77ccfba7b80bf63e50b1564ccd"},{"Customer_Name":"F","Calendar_week":42,"Amount":50.0,"PickAndPay":0,"Revenue":57359.86,"Invoice_Date":"2016-10-19","Article_Number":"105406991","Article_Name":"GRINDING WHEEL 50X11X19MM","Order_Form_ID":"43ea9d77ccfba7b80bf63e50b1564ccd"},{"Customer_Name":"F","Calendar_week":42,"Amount":3.0,"PickAndPay":0,"Revenue":577.1,"Invoice_Date":"2016-10-19","Article_Number":"110991003","Article_Name":"PACKING CHARGES (CARTON) 360X360X250","Order_Form_ID":"43ea9d77ccfba7b80bf63e50b1564ccd"},{"Customer_Name":"F","Calendar_week":42,"Amount":200.0,"PickAndPay":0,"Revenue":84920.09,"Invoice_Date":"2016-10-21","Article_Number":"107833921","Article_Name":"HYSYN V32 FOOD H1 200L","Order_Form_ID":"7592bd67c9b634a523da9e8229a50c58"},{"Customer_Name":"F","Calendar_week":42,"Amount":1.0,"PickAndPay":0,"Revenue":412.21,"Invoice_Date":"2016-10-21","Article_Number":"V00000019","Article_Name":"PACKING CHARGES (EUR-PALLET) 1200X800X14","Order_Form_ID":"7592bd67c9b634a523da9e8229a50c58"},{"Customer_Name":"F","Calendar_week":44,"Amount":2.0,"PickAndPay":0,"Revenue":27974.91,"Invoice_Date":"2016-11-02","Article_Number":"124352302","Article_Name":"TRANSMITTER 11-27 VDC","Order_Form_ID":"f750c5b61994ca73ed0ebf031938488b"},{"Customer_Name":"F","Calendar_week":44,"Amount":2.0,"PickAndPay":0,"Revenue":86767.07,"Invoice_Date":"2016-11-02","Article_Number":"113007800","Article_Name":"COUPLING 70","Order_Form_ID":"f750c5b61994ca73ed0ebf031938488b"},{"Customer_Name":"F","Calendar_week":44,"Amount":1.0,"PickAndPay":0,"Revenue":192.37,"Invoice_Date":"2016-11-02","Article_Number":"110991002","Article_Name":"PACKING CHARGES (CARTON) 300X300X200","Order_Form_ID":"f750c5b61994ca73ed0ebf031938488b"},{"Customer_Name":"F","Calendar_week":44,"Amount":2.0,"PickAndPay":0,"Revenue":384.73,"Invoice_Date":"2016-11-02","Article_Number":"V00000025","Article_Name":"PACKING CHARGES (CARTON)","Order_Form_ID":"f750c5b61994ca73ed0ebf031938488b"},{"Customer_Name":"F","Calendar_week":44,"Amount":3.0,"PickAndPay":0,"Revenue":41835.4,"Invoice_Date":"2016-11-04","Article_Number":"124352302","Article_Name":"TRANSMITTER 11-27 VDC","Order_Form_ID":"471dccef932f8b7e28d1d22b36273761"},{"Customer_Name":"F","Calendar_week":44,"Amount":4.0,"PickAndPay":0,"Revenue":169210.31,"Invoice_Date":"2016-11-04","Article_Number":"113007800","Article_Name":"COUPLING 70","Order_Form_ID":"471dccef932f8b7e28d1d22b36273761"},{"Customer_Name":"F","Calendar_week":46,"Amount":1.0,"PickAndPay":0,"Revenue":41157.18,"Invoice_Date":"2016-11-14","Article_Number":"119517715","Article_Name":"SERVO CONTROLLER 10A\/380V-480V\/6,9KW","Order_Form_ID":"18fec8e66f749b938071adfd114dd235"},{"Customer_Name":"F","Calendar_week":46,"Amount":2.0,"PickAndPay":0,"Revenue":1372.39,"Invoice_Date":"2016-11-14","Article_Number":"553374","Article_Name":"SEALING ELEMENT RAD.288.5X260","Order_Form_ID":"18fec8e66f749b938071adfd114dd235"},{"Customer_Name":"F","Calendar_week":46,"Amount":50.0,"PickAndPay":0,"Revenue":19246.73,"Invoice_Date":"2016-11-14","Article_Number":"107440100","Article_Name":"NAP FOIL 120 MM BR\/25 M","Order_Form_ID":"18fec8e66f749b938071adfd114dd235"},{"Customer_Name":"F","Calendar_week":46,"Amount":1.0,"PickAndPay":0,"Revenue":1462.53,"Invoice_Date":"2016-11-14","Article_Number":"184288.08","Article_Name":"SCRAPER BLADE 2565X50X0,8","Order_Form_ID":"18fec8e66f749b938071adfd114dd235"},{"Customer_Name":"F","Calendar_week":46,"Amount":1.0,"PickAndPay":0,"Revenue":192.37,"Invoice_Date":"2016-11-14","Article_Number":"110991004","Article_Name":"PACKING CHARGES (CARTON) 610X410X230","Order_Form_ID":"18fec8e66f749b938071adfd114dd235"},{"Customer_Name":"F","Calendar_week":47,"Amount":300.0,"PickAndPay":0,"Revenue":5551.4,"Invoice_Date":"2016-11-21","Article_Number":"107254210","Article_Name":"FELT 46X35X10MM","Order_Form_ID":"241b6d35d6748f40112d18d65a138880"},{"Customer_Name":"F","Calendar_week":47,"Amount":1.0,"PickAndPay":0,"Revenue":192.37,"Invoice_Date":"2016-11-21","Article_Number":"118308700","Article_Name":"PACKING CHARGES (CARTON) 330X163X172 MM","Order_Form_ID":"241b6d35d6748f40112d18d65a138880"},{"Customer_Name":"F","Calendar_week":47,"Amount":3.0,"PickAndPay":0,"Revenue":5036.68,"Invoice_Date":"2016-11-21","Article_Number":"103423900","Article_Name":"RUBBER PLATE 200X3X2600","Order_Form_ID":"08a6b88eaac5af65be934f650a0d2f7e"},{"Customer_Name":"F","Calendar_week":47,"Amount":1.0,"PickAndPay":0,"Revenue":192.37,"Invoice_Date":"2016-11-21","Article_Number":"110991002","Article_Name":"PACKING CHARGES (CARTON) 300X300X200","Order_Form_ID":"08a6b88eaac5af65be934f650a0d2f7e"},{"Customer_Name":"F","Calendar_week":47,"Amount":1.0,"PickAndPay":0,"Revenue":31172.03,"Invoice_Date":"2016-11-23","Article_Number":"118664601","Article_Name":"SERVOMOTOR 2,8KW\/7,5NM\/3252U\/MIN","Order_Form_ID":"1e76fb3028f749e3eb97227f192c77ce"},{"Customer_Name":"F","Calendar_week":47,"Amount":1.0,"PickAndPay":0,"Revenue":192.37,"Invoice_Date":"2016-11-23","Article_Number":"110991003","Article_Name":"PACKING CHARGES (CARTON) 360X360X250","Order_Form_ID":"1e76fb3028f749e3eb97227f192c77ce"},{"Customer_Name":"F","Calendar_week":49,"Amount":8.0,"PickAndPay":0,"Revenue":943.69,"Invoice_Date":"2016-12-05","Article_Number":"113009000","Article_Name":"STUD M 16X 36","Order_Form_ID":"8cc0a8763d39f35b9c843a2e52796fb4"},{"Customer_Name":"F","Calendar_week":49,"Amount":4.0,"PickAndPay":0,"Revenue":6447.0,"Invoice_Date":"2016-12-05","Article_Number":"226954900","Article_Name":"COUPLING D8XD10X30X56","Order_Form_ID":"8cc0a8763d39f35b9c843a2e52796fb4"},{"Customer_Name":"F","Calendar_week":49,"Amount":10.0,"PickAndPay":0,"Revenue":4788.53,"Invoice_Date":"2016-12-05","Article_Number":"150082","Article_Name":"V-RING 180  X20,5","Order_Form_ID":"8cc0a8763d39f35b9c843a2e52796fb4"},{"Customer_Name":"F","Calendar_week":49,"Amount":2.0,"PickAndPay":0,"Revenue":2803.04,"Invoice_Date":"2016-12-05","Article_Number":"183973","Article_Name":"SEALING AGENT MENGE: 310ML","Order_Form_ID":"8cc0a8763d39f35b9c843a2e52796fb4"},{"Customer_Name":"F","Calendar_week":49,"Amount":1.0,"PickAndPay":0,"Revenue":192.37,"Invoice_Date":"2016-12-05","Article_Number":"110991002","Article_Name":"PACKING CHARGES (CARTON) 300X300X200","Order_Form_ID":"8cc0a8763d39f35b9c843a2e52796fb4"},{"Customer_Name":"F","Calendar_week":49,"Amount":2.0,"PickAndPay":0,"Revenue":311931.88,"Invoice_Date":"2016-12-05","Article_Number":"123198910","Article_Name":"BEARING","Order_Form_ID":"8cc0a8763d39f35b9c843a2e52796fb4"},{"Customer_Name":"F","Calendar_week":49,"Amount":2.0,"PickAndPay":0,"Revenue":311931.88,"Invoice_Date":"2016-12-05","Article_Number":"123198911","Article_Name":"BEARING","Order_Form_ID":"8cc0a8763d39f35b9c843a2e52796fb4"},{"Customer_Name":"F","Calendar_week":49,"Amount":2.0,"PickAndPay":0,"Revenue":311931.88,"Invoice_Date":"2016-12-05","Article_Number":"123199310","Article_Name":"BEARING","Order_Form_ID":"8cc0a8763d39f35b9c843a2e52796fb4"},{"Customer_Name":"F","Calendar_week":49,"Amount":2.0,"PickAndPay":0,"Revenue":311931.88,"Invoice_Date":"2016-12-05","Article_Number":"123199311","Article_Name":"BEARING","Order_Form_ID":"8cc0a8763d39f35b9c843a2e52796fb4"},{"Customer_Name":"F","Calendar_week":49,"Amount":8.0,"PickAndPay":0,"Revenue":2504.05,"Invoice_Date":"2016-12-05","Article_Number":"103985000","Article_Name":"SEALING AGENT INHAL:100G=80ML","Order_Form_ID":"8cc0a8763d39f35b9c843a2e52796fb4"},{"Customer_Name":"F","Calendar_week":49,"Amount":2.0,"PickAndPay":0,"Revenue":2172.36,"Invoice_Date":"2016-12-05","Article_Number":"167986400","Article_Name":"STRAINER","Order_Form_ID":"8cc0a8763d39f35b9c843a2e52796fb4"},{"Customer_Name":"F","Calendar_week":49,"Amount":1.0,"PickAndPay":0,"Revenue":25910.55,"Invoice_Date":"2016-12-05","Article_Number":"P030FR001","Article_Name":"FREIGHT CHARGES","Order_Form_ID":"8cc0a8763d39f35b9c843a2e52796fb4"},{"Customer_Name":"F","Calendar_week":49,"Amount":1.0,"PickAndPay":0,"Revenue":13096.25,"Invoice_Date":"2016-12-08","Article_Number":"111061106","Article_Name":"OPTIC FIBRE MODULE 8DI-8DO","Order_Form_ID":"3f4d94347299e62e03ee0c248be00fe3"},{"Customer_Name":"F","Calendar_week":49,"Amount":1.0,"PickAndPay":0,"Revenue":192.37,"Invoice_Date":"2016-12-08","Article_Number":"118308700","Article_Name":"PACKING CHARGES (CARTON) 330X163X172 MM","Order_Form_ID":"3f4d94347299e62e03ee0c248be00fe3"},{"Customer_Name":"F","Calendar_week":49,"Amount":1.0,"PickAndPay":0,"Revenue":27669.6,"Invoice_Date":"2016-12-09","Article_Number":"126053901","Article_Name":"PLANETARY GEAR I:3","Order_Form_ID":"f068bfdf167a64f9470dad816faa7ce0"},{"Customer_Name":"F","Calendar_week":49,"Amount":1.0,"PickAndPay":0,"Revenue":192.37,"Invoice_Date":"2016-12-09","Article_Number":"110991001","Article_Name":"PACKING CHARGES (CARTON) 200X200X150","Order_Form_ID":"f068bfdf167a64f9470dad816faa7ce0"},{"Customer_Name":"F","Calendar_week":49,"Amount":1.0,"PickAndPay":0,"Revenue":302525.75,"Invoice_Date":"2016-12-09","Article_Number":"188840037","Article_Name":"SERVO CONTROLLER 202A 105KW HBT1199X407X","Order_Form_ID":"255515f62d179a4be2bbde2362787c0b"},{"Customer_Name":"F","Calendar_week":49,"Amount":1.0,"PickAndPay":0,"Revenue":7897.16,"Invoice_Date":"2016-12-09","Article_Number":"188840007","Article_Name":"MODULE PROFINET","Order_Form_ID":"255515f62d179a4be2bbde2362787c0b"},{"Customer_Name":"F","Calendar_week":49,"Amount":1.0,"PickAndPay":0,"Revenue":1192.67,"Invoice_Date":"2016-12-09","Article_Number":"188840013","Article_Name":"MODULE LEITFREQUENZ I\/O","Order_Form_ID":"255515f62d179a4be2bbde2362787c0b"},{"Customer_Name":"F","Calendar_week":49,"Amount":1.0,"PickAndPay":0,"Revenue":2219.9,"Invoice_Date":"2016-12-09","Article_Number":"188840011","Article_Name":"MODULE SPEICHERMODUL 1MB","Order_Form_ID":"255515f62d179a4be2bbde2362787c0b"},{"Customer_Name":"F","Calendar_week":49,"Amount":1.0,"PickAndPay":0,"Revenue":465.25,"Invoice_Date":"2016-12-09","Article_Number":"188840010","Article_Name":"MODULE SICHERHEITSMODUL TYP E94AYAA","Order_Form_ID":"255515f62d179a4be2bbde2362787c0b"},{"Customer_Name":"F","Calendar_week":49,"Amount":1.0,"PickAndPay":0,"Revenue":192.37,"Invoice_Date":"2016-12-09","Article_Number":"118308700","Article_Name":"PACKING CHARGES (CARTON) 330X163X172 MM","Order_Form_ID":"255515f62d179a4be2bbde2362787c0b"},{"Customer_Name":"F","Calendar_week":49,"Amount":1.0,"PickAndPay":0,"Revenue":192.37,"Invoice_Date":"2016-12-09","Article_Number":"V00000025","Article_Name":"PACKING CHARGES (CARTON)","Order_Form_ID":"255515f62d179a4be2bbde2362787c0b"},{"Customer_Name":"F","Calendar_week":6,"Amount":8.0,"PickAndPay":1,"Revenue":37187.03,"Invoice_Date":"2017-02-08","Article_Number":"105303965","Article_Name":"DISC CUT KNIFE 240X1,2\/0,35MM,20°","Order_Form_ID":"3ed9f4b005637b1c90f3efc2f43a3d73"},{"Customer_Name":"F","Calendar_week":6,"Amount":4.0,"PickAndPay":1,"Revenue":4578.3,"Invoice_Date":"2017-02-08","Article_Number":"105406991","Article_Name":"GRINDING WHEEL 50X11X19MM","Order_Form_ID":"3ed9f4b005637b1c90f3efc2f43a3d73"},{"Customer_Name":"F","Calendar_week":6,"Amount":268.0,"PickAndPay":1,"Revenue":4382.09,"Invoice_Date":"2017-02-08","Article_Number":"107254210","Article_Name":"FELT 46X35X10MM","Order_Form_ID":"3ed9f4b005637b1c90f3efc2f43a3d73"},{"Customer_Name":"F","Calendar_week":7,"Amount":2.0,"PickAndPay":0,"Revenue":13425.75,"Invoice_Date":"2017-02-16","Article_Number":"347881","Article_Name":"MEASURING WHEEL 158.8X15X27","Order_Form_ID":"868bb048a6bb2151e7ed4907e1e56196"},{"Customer_Name":"F","Calendar_week":7,"Amount":6.0,"PickAndPay":0,"Revenue":913.46,"Invoice_Date":"2017-02-16","Article_Number":"104581513","Article_Name":"O-RING 10X2","Order_Form_ID":"868bb048a6bb2151e7ed4907e1e56196"},{"Customer_Name":"F","Calendar_week":7,"Amount":1.0,"PickAndPay":0,"Revenue":2848.94,"Invoice_Date":"2017-02-16","Article_Number":"128313400","Article_Name":"BRUSH 71,5X13,5X900","Order_Form_ID":"868bb048a6bb2151e7ed4907e1e56196"},{"Customer_Name":"F","Calendar_week":7,"Amount":1.0,"PickAndPay":0,"Revenue":192.37,"Invoice_Date":"2017-02-16","Article_Number":"110991010","Article_Name":"PACKING CHARGES (CARTON) 1100X100X100","Order_Form_ID":"868bb048a6bb2151e7ed4907e1e56196"},{"Customer_Name":"F","Calendar_week":7,"Amount":1.0,"PickAndPay":0,"Revenue":192.37,"Invoice_Date":"2017-02-16","Article_Number":"110991000","Article_Name":"PACKING CHARGES (CARTON) 200X200X80","Order_Form_ID":"868bb048a6bb2151e7ed4907e1e56196"},{"Customer_Name":"F","Calendar_week":8,"Amount":200.0,"PickAndPay":0,"Revenue":84920.09,"Invoice_Date":"2017-02-24","Article_Number":"107833921","Article_Name":"HYSYN V32 FOOD H1 200L","Order_Form_ID":"64cef2ce6381773f7ae1a93c0c4f9fd6"},{"Customer_Name":"F","Calendar_week":8,"Amount":1.0,"PickAndPay":0,"Revenue":412.21,"Invoice_Date":"2017-02-24","Article_Number":"V00000019","Article_Name":"PACKING CHARGES (EUR-PALLET) 1200X800X14","Order_Form_ID":"64cef2ce6381773f7ae1a93c0c4f9fd6"},{"Customer_Name":"F","Calendar_week":9,"Amount":1.0,"PickAndPay":1,"Revenue":434.47,"Invoice_Date":"2017-02-27","Article_Number":"101641600","Article_Name":"TOOTHED BELT HTD 18X 5X 700","Order_Form_ID":"2c676e7ca88876115dc22a793c0feb22"},{"Customer_Name":"F","Calendar_week":9,"Amount":32.0,"PickAndPay":1,"Revenue":523.23,"Invoice_Date":"2017-02-27","Article_Number":"107254210","Article_Name":"FELT 46X35X10MM","Order_Form_ID":"2c676e7ca88876115dc22a793c0feb22"},{"Customer_Name":"F","Calendar_week":9,"Amount":1.0,"PickAndPay":1,"Revenue":238.26,"Invoice_Date":"2017-02-27","Article_Number":"111537832","Article_Name":"RELAY 4WE\/24VDC\/5A\/GK","Order_Form_ID":"2c676e7ca88876115dc22a793c0feb22"},{"Customer_Name":"F","Calendar_week":9,"Amount":2.0,"PickAndPay":1,"Revenue":5559.37,"Invoice_Date":"2017-02-27","Article_Number":"117101900","Article_Name":"WEAR PLATE FL 84,5X27X6","Order_Form_ID":"2c676e7ca88876115dc22a793c0feb22"},{"Customer_Name":"F","Calendar_week":9,"Amount":1.0,"PickAndPay":1,"Revenue":359.72,"Invoice_Date":"2017-02-27","Article_Number":"130343910","Article_Name":"PROXIMITY SWITCH 10-30VDC;PNP;M8","Order_Form_ID":"2c676e7ca88876115dc22a793c0feb22"},{"Customer_Name":"F","Calendar_week":9,"Amount":1.0,"PickAndPay":1,"Revenue":1325.4,"Invoice_Date":"2017-02-27","Article_Number":"P030FR001","Article_Name":"FREIGHT CHARGES","Order_Form_ID":"82defd3c40aa9d174c2cdaca427b702a"},{"Customer_Name":"F","Calendar_week":9,"Amount":1.0,"PickAndPay":1,"Revenue":192.37,"Invoice_Date":"2017-02-27","Article_Number":"P030PA001","Article_Name":"PACKING","Order_Form_ID":"82defd3c40aa9d174c2cdaca427b702a"},{"Customer_Name":"F","Calendar_week":9,"Amount":200.0,"PickAndPay":1,"Revenue":3270.22,"Invoice_Date":"2017-02-28","Article_Number":"107254210","Article_Name":"FELT 46X35X10MM","Order_Form_ID":"7558ca453fc5dd22a8316ad1e1843901"},{"Customer_Name":"F","Calendar_week":9,"Amount":10.0,"PickAndPay":0,"Revenue":3995.98,"Invoice_Date":"2017-03-02","Article_Number":"191862702","Article_Name":"THRUST PIECE M24X34","Order_Form_ID":"609a8955d8e905ce2e5976f2a3464db2"},{"Customer_Name":"F","Calendar_week":9,"Amount":1.0,"PickAndPay":0,"Revenue":192.37,"Invoice_Date":"2017-03-02","Article_Number":"110991000","Article_Name":"PACKING CHARGES (CARTON) 200X200X80","Order_Form_ID":"609a8955d8e905ce2e5976f2a3464db2"},{"Customer_Name":"F","Calendar_week":9,"Amount":20.0,"PickAndPay":0,"Revenue":46291.69,"Invoice_Date":"2017-03-03","Article_Number":"197617300","Article_Name":"PROXIMITY SWITCH 10-30VDC\/PNP\/4MM","Order_Form_ID":"211929749077d93d74e00f76610e3e00"},{"Customer_Name":"F","Calendar_week":9,"Amount":1.0,"PickAndPay":0,"Revenue":192.37,"Invoice_Date":"2017-03-03","Article_Number":"110991001","Article_Name":"PACKING CHARGES (CARTON) 200X200X150","Order_Form_ID":"211929749077d93d74e00f76610e3e00"},{"Customer_Name":"F","Calendar_week":10,"Amount":50.0,"PickAndPay":0,"Revenue":19502.58,"Invoice_Date":"2017-03-09","Article_Number":"107440100","Article_Name":"NAP FOIL 120 MM BR\/25 M","Order_Form_ID":"8bb9fdaa16cf63be5e0625f37c8d52cf"},{"Customer_Name":"F","Calendar_week":10,"Amount":1.0,"PickAndPay":0,"Revenue":192.37,"Invoice_Date":"2017-03-09","Article_Number":"V00000025","Article_Name":"PACKING CHARGES (CARTON)","Order_Form_ID":"8bb9fdaa16cf63be5e0625f37c8d52cf"},{"Customer_Name":"F","Calendar_week":10,"Amount":6.0,"PickAndPay":0,"Revenue":13734.91,"Invoice_Date":"2017-03-10","Article_Number":"197617300","Article_Name":"PROXIMITY SWITCH 10-30VDC\/PNP\/4MM","Order_Form_ID":"ed64c0acdeae7d09c26f1fc84eebb2b9"},{"Customer_Name":"F","Calendar_week":10,"Amount":28.0,"PickAndPay":0,"Revenue":131240.91,"Invoice_Date":"2017-03-10","Article_Number":"126292402","Article_Name":"BRUSH ROLL SEGMENT 300X203X216MM","Order_Form_ID":"ffe34437663a2c7a801ee14fb4442ee2"},{"Customer_Name":"F","Calendar_week":10,"Amount":1.0,"PickAndPay":0,"Revenue":192.37,"Invoice_Date":"2017-03-10","Article_Number":"110991003","Article_Name":"PACKING CHARGES (CARTON) 360X360X250","Order_Form_ID":"ffe34437663a2c7a801ee14fb4442ee2"},{"Customer_Name":"F","Calendar_week":10,"Amount":1.0,"PickAndPay":0,"Revenue":1099.23,"Invoice_Date":"2017-03-10","Article_Number":"110680200","Article_Name":"PACKING CHARGES (PAL-BOX II) 1070X710X52","Order_Form_ID":"ffe34437663a2c7a801ee14fb4442ee2"},{"Customer_Name":"F","Calendar_week":11,"Amount":1.0,"PickAndPay":0,"Revenue":2267.44,"Invoice_Date":"2017-03-14","Article_Number":"109071510","Article_Name":"5\/2 WAY SOLENOID VALVE QN1010 - NW 4","Order_Form_ID":"9a307987ed51f374c58ccd515800d2e6"},{"Customer_Name":"F","Calendar_week":11,"Amount":1.0,"PickAndPay":0,"Revenue":192.37,"Invoice_Date":"2017-03-14","Article_Number":"110991000","Article_Name":"PACKING CHARGES (CARTON) 200X200X80","Order_Form_ID":"9a307987ed51f374c58ccd515800d2e6"},{"Customer_Name":"F","Calendar_week":11,"Amount":1.0,"PickAndPay":0,"Revenue":8284.36,"Invoice_Date":"2017-03-16","Article_Number":"153576601","Article_Name":"TABLE","Order_Form_ID":"50a2810a1a77160e36026c37aedbc143"},{"Customer_Name":"F","Calendar_week":11,"Amount":1.0,"PickAndPay":0,"Revenue":192.37,"Invoice_Date":"2017-03-16","Article_Number":"118308700","Article_Name":"PACKING CHARGES (CARTON) 330X163X172 MM","Order_Form_ID":"50a2810a1a77160e36026c37aedbc143"},{"Customer_Name":"F","Calendar_week":11,"Amount":-1.0,"PickAndPay":0,"Revenue":-301443.83,"Invoice_Date":"2017-03-19","Article_Number":"188840037","Article_Name":"SERVO CONTROLLER 202A 105KW HBT1199X407X","Order_Form_ID":"f75a2748960b3f75e3e5acff7587efd0"},{"Customer_Name":"F","Calendar_week":11,"Amount":-1.0,"PickAndPay":0,"Revenue":-7895.24,"Invoice_Date":"2017-03-19","Article_Number":"188840007","Article_Name":"MODULE PROFINET","Order_Form_ID":"f75a2748960b3f75e3e5acff7587efd0"},{"Customer_Name":"F","Calendar_week":11,"Amount":-1.0,"PickAndPay":0,"Revenue":-1191.29,"Invoice_Date":"2017-03-19","Article_Number":"188840013","Article_Name":"MODULE LEITFREQUENZ I\/O","Order_Form_ID":"f75a2748960b3f75e3e5acff7587efd0"},{"Customer_Name":"F","Calendar_week":11,"Amount":-1.0,"PickAndPay":0,"Revenue":-2219.08,"Invoice_Date":"2017-03-19","Article_Number":"188840011","Article_Name":"MODULE SPEICHERMODUL 1MB","Order_Form_ID":"f75a2748960b3f75e3e5acff7587efd0"},{"Customer_Name":"F","Calendar_week":11,"Amount":-1.0,"PickAndPay":0,"Revenue":-464.7,"Invoice_Date":"2017-03-19","Article_Number":"188840010","Article_Name":"MODULE SICHERHEITSMODUL TYP E94AYAA","Order_Form_ID":"f75a2748960b3f75e3e5acff7587efd0"},{"Customer_Name":"F","Calendar_week":11,"Amount":-1.0,"PickAndPay":0,"Revenue":-192.37,"Invoice_Date":"2017-03-19","Article_Number":"118308700","Article_Name":"PACKING CHARGES (CARTON) 330X163X172 MM","Order_Form_ID":"f75a2748960b3f75e3e5acff7587efd0"},{"Customer_Name":"F","Calendar_week":11,"Amount":-1.0,"PickAndPay":0,"Revenue":-192.37,"Invoice_Date":"2017-03-19","Article_Number":"V00000025","Article_Name":"PACKING CHARGES (CARTON)","Order_Form_ID":"f75a2748960b3f75e3e5acff7587efd0"},{"Customer_Name":"F","Calendar_week":11,"Amount":-1.0,"PickAndPay":0,"Revenue":-1086.59,"Invoice_Date":"2017-03-19","Article_Number":"P030FR001","Article_Name":"FREIGHT CHARGES","Order_Form_ID":"f75a2748960b3f75e3e5acff7587efd0"},{"Customer_Name":"F","Calendar_week":12,"Amount":1.0,"PickAndPay":0,"Revenue":42302.58,"Invoice_Date":"2017-03-21","Article_Number":"113007800","Article_Name":"COUPLING 70","Order_Form_ID":"ad7ce2eabdf6a0909c001060d7ba3e72"},{"Customer_Name":"F","Calendar_week":12,"Amount":1.0,"PickAndPay":0,"Revenue":74860.46,"Invoice_Date":"2017-03-22","Article_Number":"109893800","Article_Name":"SERVOMOTOR MO=31NM;MN=30,2;12A;2000UPM","Order_Form_ID":"1ae16eddb912ebc6ed57ced24851c62d"},{"Customer_Name":"F","Calendar_week":12,"Amount":1.0,"PickAndPay":0,"Revenue":2473.27,"Invoice_Date":"2017-03-22","Article_Number":"V00000012","Article_Name":"PACKING CHARGES (BOX) 790X380X380MM","Order_Form_ID":"1ae16eddb912ebc6ed57ced24851c62d"},{"Customer_Name":"F","Calendar_week":12,"Amount":-1.0,"PickAndPay":0,"Revenue":-26862.49,"Invoice_Date":"2017-03-23","Article_Number":"126053901","Article_Name":"PLANETARY GEAR I:3","Order_Form_ID":"1e256ff85eda749d2ac3bf726fe1b3f9"},{"Customer_Name":"F","Calendar_week":12,"Amount":-1.0,"PickAndPay":0,"Revenue":-192.37,"Invoice_Date":"2017-03-23","Article_Number":"110991001","Article_Name":"PACKING CHARGES (CARTON) 200X200X150","Order_Form_ID":"1e256ff85eda749d2ac3bf726fe1b3f9"},{"Customer_Name":"F","Calendar_week":12,"Amount":-1.0,"PickAndPay":0,"Revenue":-807.11,"Invoice_Date":"2017-03-23","Article_Number":"P030FR001","Article_Name":"FREIGHT CHARGES","Order_Form_ID":"1e256ff85eda749d2ac3bf726fe1b3f9"},{"Customer_Name":"F","Calendar_week":12,"Amount":-6.0,"PickAndPay":0,"Revenue":-13734.91,"Invoice_Date":"2017-03-23","Article_Number":"197617300","Article_Name":"PROXIMITY SWITCH 10-30VDC\/PNP\/4MM","Order_Form_ID":"3c26d7dfdae09ec5134886fb942bedd5"},{"Customer_Name":"F","Calendar_week":12,"Amount":1.0,"PickAndPay":0,"Revenue":877.46,"Invoice_Date":"2017-03-24","Article_Number":"109071501","Article_Name":"CONTACT BRIDGE","Order_Form_ID":"127f5187ba26c4cd7b9706d3421d02ee"},{"Customer_Name":"F","Calendar_week":12,"Amount":1.0,"PickAndPay":0,"Revenue":192.37,"Invoice_Date":"2017-03-24","Article_Number":"110991000","Article_Name":"PACKING CHARGES (CARTON) 200X200X80","Order_Form_ID":"127f5187ba26c4cd7b9706d3421d02ee"},{"Customer_Name":"F","Calendar_week":12,"Amount":2.0,"PickAndPay":0,"Revenue":3251.8,"Invoice_Date":"2017-03-24","Article_Number":"103423900","Article_Name":"RUBBER PLATE 200X3X2600","Order_Form_ID":"15f4e980c63fbe775b77037a770c10d0"},{"Customer_Name":"F","Calendar_week":12,"Amount":1.0,"PickAndPay":0,"Revenue":9779.59,"Invoice_Date":"2017-03-24","Article_Number":"110191601","Article_Name":"PNEUMATIC CYLINDER 80X125-G1\/4 DW","Order_Form_ID":"15f4e980c63fbe775b77037a770c10d0"},{"Customer_Name":"F","Calendar_week":12,"Amount":5.0,"PickAndPay":0,"Revenue":3431.8,"Invoice_Date":"2017-03-24","Article_Number":"553374","Article_Name":"SEALING ELEMENT RAD.288.5X260","Order_Form_ID":"15f4e980c63fbe775b77037a770c10d0"},{"Customer_Name":"F","Calendar_week":12,"Amount":2.0,"PickAndPay":0,"Revenue":2289.7,"Invoice_Date":"2017-03-24","Article_Number":"601135","Article_Name":"GLUE 1PC=1L","Order_Form_ID":"15f4e980c63fbe775b77037a770c10d0"},{"Customer_Name":"F","Calendar_week":12,"Amount":1.0,"PickAndPay":0,"Revenue":192.37,"Invoice_Date":"2017-03-24","Article_Number":"110991002","Article_Name":"PACKING CHARGES (CARTON) 300X300X200","Order_Form_ID":"15f4e980c63fbe775b77037a770c10d0"},{"Customer_Name":"F","Calendar_week":12,"Amount":3.0,"PickAndPay":1,"Revenue":13945.13,"Invoice_Date":"2017-03-24","Article_Number":"126292402","Article_Name":"BRUSH ROLL SEGMENT 300X203X216MM","Order_Form_ID":"3dd6a7d8aa167dd520c227e1ab9cfa4f"},{"Customer_Name":"F","Calendar_week":13,"Amount":1.0,"PickAndPay":1,"Revenue":42770.85,"Invoice_Date":"2017-03-28","Article_Number":"BSP3000100","Article_Name":"PICK&PAY","Order_Form_ID":"3fb942ef7c22f68f1eac69ec6e49c591"},{"Customer_Name":"F","Calendar_week":15,"Amount":3.0,"PickAndPay":0,"Revenue":23786.56,"Invoice_Date":"2017-04-13","Article_Number":"102955400","Article_Name":"BRUSH 1X300X1300","Order_Form_ID":"f81c25a26b6fe0446e9d9afb4cc4cca3"},{"Customer_Name":"F","Calendar_week":15,"Amount":1.0,"PickAndPay":0,"Revenue":192.37,"Invoice_Date":"2017-04-13","Article_Number":"V00000025","Article_Name":"PACKING CHARGES (CARTON)","Order_Form_ID":"f81c25a26b6fe0446e9d9afb4cc4cca3"},{"Customer_Name":"F","Calendar_week":15,"Amount":7.0,"PickAndPay":1,"Revenue":32538.65,"Invoice_Date":"2017-04-13","Article_Number":"105303965","Article_Name":"DISC CUT KNIFE 240X1,2\/0,35MM,20°","Order_Form_ID":"6979a931d87c879c11337d625c82ed57"},{"Customer_Name":"F","Calendar_week":15,"Amount":14.0,"PickAndPay":1,"Revenue":16024.06,"Invoice_Date":"2017-04-13","Article_Number":"105406991","Article_Name":"GRINDING WHEEL 50X11X19MM","Order_Form_ID":"6979a931d87c879c11337d625c82ed57"},{"Customer_Name":"F","Calendar_week":17,"Amount":1.0,"PickAndPay":1,"Revenue":1109.13,"Invoice_Date":"2017-04-27","Article_Number":"P030FR001","Article_Name":"FREIGHT CHARGES","Order_Form_ID":"2c1a9985d9caaee036d42744ccca0774"},{"Customer_Name":"F","Calendar_week":17,"Amount":1.0,"PickAndPay":1,"Revenue":192.37,"Invoice_Date":"2017-04-27","Article_Number":"P030PA001","Article_Name":"PACKING","Order_Form_ID":"2c1a9985d9caaee036d42744ccca0774"},{"Customer_Name":"F","Calendar_week":17,"Amount":-1.0,"PickAndPay":0,"Revenue":-42302.58,"Invoice_Date":"2017-04-29","Article_Number":"113007800","Article_Name":"COUPLING 70","Order_Form_ID":"e6ba54ce09c012841db4f28e92207e4e"},{"Customer_Name":"F","Calendar_week":18,"Amount":1.0,"PickAndPay":0,"Revenue":36090.82,"Invoice_Date":"2017-05-02","Article_Number":"232688522","Article_Name":"CARBON BRUSH","Order_Form_ID":"acc2c96a4e9af85382fb933bda736187"},{"Customer_Name":"F","Calendar_week":18,"Amount":1.0,"PickAndPay":0,"Revenue":192.37,"Invoice_Date":"2017-05-02","Article_Number":"110991000","Article_Name":"PACKING CHARGES (CARTON) 200X200X80","Order_Form_ID":"acc2c96a4e9af85382fb933bda736187"},{"Customer_Name":"F","Calendar_week":18,"Amount":300.0,"PickAndPay":1,"Revenue":4905.32,"Invoice_Date":"2017-05-03","Article_Number":"107254210","Article_Name":"FELT 46X35X10MM","Order_Form_ID":"de5d2f1eff81d6de2a018d45ffa827d3"},{"Customer_Name":"F","Calendar_week":19,"Amount":88.5,"PickAndPay":0,"Revenue":10439.68,"Invoice_Date":"2017-05-11","Article_Number":"109126400","Article_Name":"CABLE 4X2X0,5MM²() PV","Order_Form_ID":"247b8259e6c7c6f04180c8820b0da33c"},{"Customer_Name":"F","Calendar_week":21,"Amount":6.0,"PickAndPay":0,"Revenue":195.11,"Invoice_Date":"2017-05-22","Article_Number":"130359700","Article_Name":"CHEESE-HEAD SCREW M10X90","Order_Form_ID":"c6a8b6b6b420a18d5fa70d050a30fdf2"},{"Customer_Name":"F","Calendar_week":21,"Amount":33.0,"PickAndPay":0,"Revenue":734.29,"Invoice_Date":"2017-05-22","Article_Number":"118427","Article_Name":"CHEESE-HEAD SCREW M10X40","Order_Form_ID":"c6a8b6b6b420a18d5fa70d050a30fdf2"},{"Customer_Name":"F","Calendar_week":21,"Amount":3.0,"PickAndPay":0,"Revenue":8906.53,"Invoice_Date":"2017-05-22","Article_Number":"212707800","Article_Name":"SUPPORT 180X115X90","Order_Form_ID":"c6a8b6b6b420a18d5fa70d050a30fdf2"},{"Customer_Name":"F","Calendar_week":21,"Amount":18.0,"PickAndPay":0,"Revenue":330.32,"Invoice_Date":"2017-05-22","Article_Number":"117258","Article_Name":"HEXAGONAL SCREW M10X20","Order_Form_ID":"c6a8b6b6b420a18d5fa70d050a30fdf2"},{"Customer_Name":"F","Calendar_week":21,"Amount":3.0,"PickAndPay":0,"Revenue":39.3,"Invoice_Date":"2017-05-22","Article_Number":"118371","Article_Name":"CHEESE-HEAD SCREW M6X20","Order_Form_ID":"c6a8b6b6b420a18d5fa70d050a30fdf2"},{"Customer_Name":"F","Calendar_week":21,"Amount":3.0,"PickAndPay":0,"Revenue":34.08,"Invoice_Date":"2017-05-22","Article_Number":"122283","Article_Name":"HEXAGONAL NUT M6","Order_Form_ID":"c6a8b6b6b420a18d5fa70d050a30fdf2"},{"Customer_Name":"F","Calendar_week":21,"Amount":2.0,"PickAndPay":0,"Revenue":9151.38,"Invoice_Date":"2017-05-22","Article_Number":"212708000","Article_Name":"BEARING FLANGE 180X45","Order_Form_ID":"c6a8b6b6b420a18d5fa70d050a30fdf2"},{"Customer_Name":"F","Calendar_week":21,"Amount":1.0,"PickAndPay":0,"Revenue":10405.06,"Invoice_Date":"2017-05-22","Article_Number":"212708100","Article_Name":"BEARING FLANGE RD.180X80","Order_Form_ID":"c6a8b6b6b420a18d5fa70d050a30fdf2"},{"Customer_Name":"F","Calendar_week":21,"Amount":4.0,"PickAndPay":0,"Revenue":6331.58,"Invoice_Date":"2017-05-22","Article_Number":"155506000","Article_Name":"SELF-ALIGNING ROLLER BEARING 50X90X28","Order_Form_ID":"c6a8b6b6b420a18d5fa70d050a30fdf2"},{"Customer_Name":"F","Calendar_week":21,"Amount":4.0,"PickAndPay":0,"Revenue":220.95,"Invoice_Date":"2017-05-22","Article_Number":"138232","Article_Name":"SEEGER CIRCLIP RING 90X3,0","Order_Form_ID":"c6a8b6b6b420a18d5fa70d050a30fdf2"},{"Customer_Name":"F","Calendar_week":21,"Amount":4.0,"PickAndPay":0,"Revenue":56.34,"Invoice_Date":"2017-05-22","Article_Number":"138027","Article_Name":"SEEGER CIRCLIP RING 50X2,0","Order_Form_ID":"c6a8b6b6b420a18d5fa70d050a30fdf2"},{"Customer_Name":"F","Calendar_week":21,"Amount":1.0,"PickAndPay":0,"Revenue":11.27,"Invoice_Date":"2017-05-22","Article_Number":"118858","Article_Name":"CHEESE-HEAD SCREW M6X30","Order_Form_ID":"c6a8b6b6b420a18d5fa70d050a30fdf2"},{"Customer_Name":"F","Calendar_week":21,"Amount":1.0,"PickAndPay":0,"Revenue":1082.47,"Invoice_Date":"2017-05-22","Article_Number":"212709400","Article_Name":"KEY 12X10X50","Order_Form_ID":"c6a8b6b6b420a18d5fa70d050a30fdf2"},{"Customer_Name":"F","Calendar_week":21,"Amount":2.0,"PickAndPay":0,"Revenue":126373.78,"Invoice_Date":"2017-05-22","Article_Number":"212708900","Article_Name":"ROLL AB 2500","Order_Form_ID":"c6a8b6b6b420a18d5fa70d050a30fdf2"},{"Customer_Name":"F","Calendar_week":21,"Amount":2.0,"PickAndPay":0,"Revenue":4477.17,"Invoice_Date":"2017-05-22","Article_Number":"124242111","Article_Name":"BEARING FLANGE 90\/66XD40X53","Order_Form_ID":"c6a8b6b6b420a18d5fa70d050a30fdf2"},{"Customer_Name":"F","Calendar_week":21,"Amount":1.0,"PickAndPay":0,"Revenue":54.96,"Invoice_Date":"2017-05-22","Article_Number":"126054","Article_Name":"KEY A 12X 8X 45","Order_Form_ID":"c6a8b6b6b420a18d5fa70d050a30fdf2"},{"Customer_Name":"F","Calendar_week":21,"Amount":1.0,"PickAndPay":0,"Revenue":8047.75,"Invoice_Date":"2017-05-22","Article_Number":"180579","Article_Name":"CARDAN SHAFT S= 390 X= 40","Order_Form_ID":"c6a8b6b6b420a18d5fa70d050a30fdf2"},{"Customer_Name":"F","Calendar_week":21,"Amount":8.0,"PickAndPay":0,"Revenue":124.21,"Invoice_Date":"2017-05-22","Article_Number":"118393","Article_Name":"CHEESE-HEAD SCREW M8X20","Order_Form_ID":"c6a8b6b6b420a18d5fa70d050a30fdf2"},{"Customer_Name":"F","Calendar_week":21,"Amount":2.0,"PickAndPay":0,"Revenue":2.75,"Invoice_Date":"2017-05-22","Article_Number":"119012","Article_Name":"THREADED PIN M8X10","Order_Form_ID":"c6a8b6b6b420a18d5fa70d050a30fdf2"},{"Customer_Name":"F","Calendar_week":21,"Amount":3.0,"PickAndPay":0,"Revenue":35.18,"Invoice_Date":"2017-05-22","Article_Number":"138858","Article_Name":"CONICAL GREASE NIPPLE M6X1","Order_Form_ID":"c6a8b6b6b420a18d5fa70d050a30fdf2"},{"Customer_Name":"F","Calendar_week":21,"Amount":1.0,"PickAndPay":0,"Revenue":2748.08,"Invoice_Date":"2017-05-22","Article_Number":"V00000005","Article_Name":"PACKING CHARGES (BOX) 1540X540X340MM","Order_Form_ID":"c6a8b6b6b420a18d5fa70d050a30fdf2"},{"Customer_Name":"F","Calendar_week":21,"Amount":150.0,"PickAndPay":0,"Revenue":3330.12,"Invoice_Date":"2017-05-22","Article_Number":"110591800","Article_Name":"ADJUSTING SCREW M6X10","Order_Form_ID":"6cb88cd59a72e82bdc1e17f8df8d1fb8"},{"Customer_Name":"F","Calendar_week":21,"Amount":1.0,"PickAndPay":0,"Revenue":126901.14,"Invoice_Date":"2017-05-22","Article_Number":"151128613","Article_Name":"BHS KNIFE SET AB-2500","Order_Form_ID":"6cb88cd59a72e82bdc1e17f8df8d1fb8"},{"Customer_Name":"F","Calendar_week":21,"Amount":1.0,"PickAndPay":0,"Revenue":192.37,"Invoice_Date":"2017-05-22","Article_Number":"110991000","Article_Name":"PACKING CHARGES (CARTON) 200X200X80","Order_Form_ID":"6cb88cd59a72e82bdc1e17f8df8d1fb8"},{"Customer_Name":"F","Calendar_week":21,"Amount":1.0,"PickAndPay":0,"Revenue":1374.04,"Invoice_Date":"2017-05-22","Article_Number":"V00000007","Article_Name":"PACKING CHARGES (BOX) 2670X100X110MM","Order_Form_ID":"6cb88cd59a72e82bdc1e17f8df8d1fb8"},{"Customer_Name":"F","Calendar_week":21,"Amount":3.0,"PickAndPay":0,"Revenue":9316.54,"Invoice_Date":"2017-05-23","Article_Number":"212708200","Article_Name":"SUPPORT BL170X120X170LG","Order_Form_ID":"8987b4aba337ed694fdbbbb93d26eccf"},{"Customer_Name":"F","Calendar_week":21,"Amount":1.0,"PickAndPay":0,"Revenue":192.37,"Invoice_Date":"2017-05-23","Article_Number":"110991002","Article_Name":"PACKING CHARGES (CARTON) 300X300X200","Order_Form_ID":"8987b4aba337ed694fdbbbb93d26eccf"},{"Customer_Name":"F","Calendar_week":22,"Amount":1.0,"PickAndPay":1,"Revenue":365.77,"Invoice_Date":"2017-05-29","Article_Number":"P030FR001","Article_Name":"FREIGHT CHARGES","Order_Form_ID":"27c25a5d9d54069c0f2cf83df166e735"},{"Customer_Name":"F","Calendar_week":22,"Amount":1.0,"PickAndPay":1,"Revenue":192.37,"Invoice_Date":"2017-05-29","Article_Number":"P030PA001","Article_Name":"PACKING","Order_Form_ID":"27c25a5d9d54069c0f2cf83df166e735"},{"Customer_Name":"F","Calendar_week":23,"Amount":-88.5,"PickAndPay":0,"Revenue":-10439.68,"Invoice_Date":"2017-06-06","Article_Number":"109126400","Article_Name":"CABLE 4X2X0,5MM²() PV","Order_Form_ID":"37f7b5aa2da4cf08c9e372d5706f25b8"},{"Customer_Name":"F","Calendar_week":25,"Amount":22.0,"PickAndPay":1,"Revenue":25180.66,"Invoice_Date":"2017-06-23","Article_Number":"105406991","Article_Name":"GRINDING WHEEL 50X11X19MM","Order_Form_ID":"ffa347ca0c36a52fab9c826c47203d61"},{"Customer_Name":"F","Calendar_week":27,"Amount":200.0,"PickAndPay":0,"Revenue":84920.09,"Invoice_Date":"2017-07-05","Article_Number":"107833921","Article_Name":"HYSYN V32 FOOD H1 200L","Order_Form_ID":"dab72a15d3e40f13727439d8b468daa1"},{"Customer_Name":"F","Calendar_week":27,"Amount":1.0,"PickAndPay":0,"Revenue":412.21,"Invoice_Date":"2017-07-05","Article_Number":"V00000019","Article_Name":"PACKING CHARGES (EUR-PALLET) 1200X800X14","Order_Form_ID":"dab72a15d3e40f13727439d8b468daa1"},{"Customer_Name":"F","Calendar_week":28,"Amount":1.0,"PickAndPay":0,"Revenue":35844.59,"Invoice_Date":"2017-07-10","Article_Number":"232688522","Article_Name":"CARBON BRUSH","Order_Form_ID":"ad7c821556f093c6f0c1471ce0c89320"},{"Customer_Name":"F","Calendar_week":28,"Amount":1.0,"PickAndPay":0,"Revenue":1233.34,"Invoice_Date":"2017-07-10","Article_Number":"601135","Article_Name":"GLUE 1PC=1L","Order_Form_ID":"ad7c821556f093c6f0c1471ce0c89320"},{"Customer_Name":"F","Calendar_week":28,"Amount":1.0,"PickAndPay":0,"Revenue":1831.32,"Invoice_Date":"2017-07-10","Article_Number":"103423900","Article_Name":"RUBBER PLATE 200X3X2600","Order_Form_ID":"ad7c821556f093c6f0c1471ce0c89320"},{"Customer_Name":"F","Calendar_week":28,"Amount":1.0,"PickAndPay":0,"Revenue":192.37,"Invoice_Date":"2017-07-10","Article_Number":"110991002","Article_Name":"PACKING CHARGES (CARTON) 300X300X200","Order_Form_ID":"ad7c821556f093c6f0c1471ce0c89320"},{"Customer_Name":"F","Calendar_week":29,"Amount":15.0,"PickAndPay":0,"Revenue":3674.46,"Invoice_Date":"2017-07-17","Article_Number":"121606101","Article_Name":"RETURN SPRING","Order_Form_ID":"01344893b69fad207121c805aa5ab064"},{"Customer_Name":"F","Calendar_week":29,"Amount":2.0,"PickAndPay":0,"Revenue":20302.54,"Invoice_Date":"2017-07-17","Article_Number":"129229600","Article_Name":"SCREWED JOINT R 1\" INNENGEW.","Order_Form_ID":"01344893b69fad207121c805aa5ab064"},{"Customer_Name":"F","Calendar_week":29,"Amount":15.0,"PickAndPay":0,"Revenue":3674.46,"Invoice_Date":"2017-07-17","Article_Number":"121606100","Article_Name":"RETURN SPRING","Order_Form_ID":"01344893b69fad207121c805aa5ab064"},{"Customer_Name":"F","Calendar_week":29,"Amount":1.0,"PickAndPay":0,"Revenue":192.37,"Invoice_Date":"2017-07-17","Article_Number":"110991000","Article_Name":"PACKING CHARGES (CARTON) 200X200X80","Order_Form_ID":"01344893b69fad207121c805aa5ab064"},{"Customer_Name":"F","Calendar_week":29,"Amount":1.0,"PickAndPay":0,"Revenue":20777.14,"Invoice_Date":"2017-07-17","Article_Number":"110799100","Article_Name":"CABLE, PIECES 65 M","Order_Form_ID":"5263c7e814256345dffc8a2d7b5bde45"},{"Customer_Name":"F","Calendar_week":29,"Amount":1.0,"PickAndPay":0,"Revenue":192.37,"Invoice_Date":"2017-07-17","Article_Number":"118308200","Article_Name":"PACKING CHARGES (CARTON) 350X60X350 MM","Order_Form_ID":"5263c7e814256345dffc8a2d7b5bde45"},{"Customer_Name":"F","Calendar_week":29,"Amount":1.0,"PickAndPay":1,"Revenue":508.67,"Invoice_Date":"2017-07-20","Article_Number":"P030FR001","Article_Name":"FREIGHT CHARGES","Order_Form_ID":"ca00d362fb4f9460fb0734b3e4868a9a"},{"Customer_Name":"F","Calendar_week":29,"Amount":1.0,"PickAndPay":1,"Revenue":197.86,"Invoice_Date":"2017-07-20","Article_Number":"P030PA001","Article_Name":"PACKING","Order_Form_ID":"ca00d362fb4f9460fb0734b3e4868a9a"},{"Customer_Name":"F","Calendar_week":30,"Amount":300.0,"PickAndPay":1,"Revenue":4905.32,"Invoice_Date":"2017-07-27","Article_Number":"107254210","Article_Name":"FELT 46X35X10MM","Order_Form_ID":"77e6c5c64aa1d15d63e932b07eb42762"},{"Customer_Name":"F","Calendar_week":31,"Amount":1.0,"PickAndPay":1,"Revenue":646.07,"Invoice_Date":"2017-08-04","Article_Number":"P030FR001","Article_Name":"FREIGHT CHARGES","Order_Form_ID":"3877f3b5ef5fb644df5bbff6bbd870ce"},{"Customer_Name":"F","Calendar_week":31,"Amount":1.0,"PickAndPay":1,"Revenue":197.86,"Invoice_Date":"2017-08-04","Article_Number":"P030PA001","Article_Name":"PACKING","Order_Form_ID":"3877f3b5ef5fb644df5bbff6bbd870ce"},{"Customer_Name":"F","Calendar_week":32,"Amount":12.0,"PickAndPay":0,"Revenue":56965.24,"Invoice_Date":"2017-08-10","Article_Number":"105303965","Article_Name":"DISC CUT KNIFE 240X1,2\/0,35MM,20°","Order_Form_ID":"1a48664261a2c97a7872834dee7347a2"},{"Customer_Name":"F","Calendar_week":32,"Amount":28.0,"PickAndPay":0,"Revenue":32155.57,"Invoice_Date":"2017-08-10","Article_Number":"105406991","Article_Name":"GRINDING WHEEL 50X11X19MM","Order_Form_ID":"1a48664261a2c97a7872834dee7347a2"},{"Customer_Name":"F","Calendar_week":32,"Amount":1.0,"PickAndPay":0,"Revenue":192.37,"Invoice_Date":"2017-08-10","Article_Number":"110991003","Article_Name":"PACKING CHARGES (CARTON) 360X360X250","Order_Form_ID":"1a48664261a2c97a7872834dee7347a2"},{"Customer_Name":"F","Calendar_week":35,"Amount":4.0,"PickAndPay":0,"Revenue":51832.92,"Invoice_Date":"2017-08-31","Article_Number":"147427820","Article_Name":"CASE RD126X106","Order_Form_ID":"65d0b8e432be42ab7a2ba811b5a99536"},{"Customer_Name":"F","Calendar_week":35,"Amount":2.0,"PickAndPay":0,"Revenue":9673.52,"Invoice_Date":"2017-08-31","Article_Number":"135309","Article_Name":"RADIAL ANGULAR BALL BEARING 90X160X52,4","Order_Form_ID":"65d0b8e432be42ab7a2ba811b5a99536"},{"Customer_Name":"F","Calendar_week":35,"Amount":2.0,"PickAndPay":0,"Revenue":3391.13,"Invoice_Date":"2017-08-31","Article_Number":"135097","Article_Name":"RADIAL BALL BEARING 80X140X26","Order_Form_ID":"65d0b8e432be42ab7a2ba811b5a99536"},{"Customer_Name":"F","Calendar_week":35,"Amount":1.0,"PickAndPay":0,"Revenue":12152.01,"Invoice_Date":"2017-08-31","Article_Number":"104581511","Article_Name":"BRAKE DISK 60","Order_Form_ID":"65d0b8e432be42ab7a2ba811b5a99536"},{"Customer_Name":"F","Calendar_week":35,"Amount":2.0,"PickAndPay":0,"Revenue":384.73,"Invoice_Date":"2017-08-31","Article_Number":"110991002","Article_Name":"PACKING CHARGES (CARTON) 300X300X200","Order_Form_ID":"65d0b8e432be42ab7a2ba811b5a99536"},{"Customer_Name":"F","Calendar_week":36,"Amount":1.0,"PickAndPay":0,"Revenue":57812.75,"Invoice_Date":"2017-09-04","Article_Number":"BSP3000012","Article_Name":"Spare Part Repair","Order_Form_ID":"b2788f8e311da721e88d02e6314193f6"},{"Customer_Name":"F","Calendar_week":36,"Amount":-1.0,"PickAndPay":0,"Revenue":-57812.75,"Invoice_Date":"2017-09-04","Article_Number":"BSP3000012","Article_Name":"Spare Part Repair","Order_Form_ID":"c9b7ff3507c83535bf3fdcfe63ef761a"},{"Customer_Name":"F","Calendar_week":36,"Amount":1.0,"PickAndPay":0,"Revenue":57812.75,"Invoice_Date":"2017-09-05","Article_Number":"BSP3000012","Article_Name":"Spare Part Repair","Order_Form_ID":"6ba69dd3f810ffa505d818659b9e39f4"},{"Customer_Name":"F","Calendar_week":36,"Amount":1.0,"PickAndPay":0,"Revenue":1109.13,"Invoice_Date":"2017-09-05","Article_Number":"P030FR001","Article_Name":"FREIGHT CHARGES","Order_Form_ID":"6ba69dd3f810ffa505d818659b9e39f4"},{"Customer_Name":"F","Calendar_week":36,"Amount":2.0,"PickAndPay":0,"Revenue":668.61,"Invoice_Date":"2017-09-05","Article_Number":"137776","Article_Name":"RADIAL SHAFT SEAL A 110,0X130X12","Order_Form_ID":"4791726899a967f02846220a843b85cb"},{"Customer_Name":"F","Calendar_week":36,"Amount":1.0,"PickAndPay":0,"Revenue":192.37,"Invoice_Date":"2017-09-05","Article_Number":"110991000","Article_Name":"PACKING CHARGES (CARTON) 200X200X80","Order_Form_ID":"4791726899a967f02846220a843b85cb"},{"Customer_Name":"F","Calendar_week":37,"Amount":25.0,"PickAndPay":0,"Revenue":11971.19,"Invoice_Date":"2017-09-12","Article_Number":"123052310","Article_Name":"NO-CRUSH-ROLLER 165X65X50","Order_Form_ID":"478f81c4e393161c4239c6cae73ce7ae"},{"Customer_Name":"F","Calendar_week":37,"Amount":25.0,"PickAndPay":0,"Revenue":9833.18,"Invoice_Date":"2017-09-14","Article_Number":"107440100","Article_Name":"NAP FOIL 120 MM BR\/25 M","Order_Form_ID":"b9b1ab51dd56c5cfd44b6f4b1ead6b7d"},{"Customer_Name":"F","Calendar_week":37,"Amount":1.0,"PickAndPay":0,"Revenue":1221.8,"Invoice_Date":"2017-09-14","Article_Number":"601135","Article_Name":"GLUE 1PC=1L","Order_Form_ID":"b9b1ab51dd56c5cfd44b6f4b1ead6b7d"},{"Customer_Name":"F","Calendar_week":37,"Amount":5.0,"PickAndPay":0,"Revenue":1763.17,"Invoice_Date":"2017-09-14","Article_Number":"104230500","Article_Name":"FOAM RUBBER 60X12X2600","Order_Form_ID":"b9b1ab51dd56c5cfd44b6f4b1ead6b7d"},{"Customer_Name":"F","Calendar_week":37,"Amount":1.0,"PickAndPay":0,"Revenue":192.37,"Invoice_Date":"2017-09-14","Article_Number":"110991003","Article_Name":"PACKING CHARGES (CARTON) 360X360X250","Order_Form_ID":"b9b1ab51dd56c5cfd44b6f4b1ead6b7d"},{"Customer_Name":"F","Calendar_week":37,"Amount":3.0,"PickAndPay":0,"Revenue":14367.24,"Invoice_Date":"2017-09-14","Article_Number":"135309","Article_Name":"RADIAL ANGULAR BALL BEARING 90X160X52,4","Order_Form_ID":"981d92c230fe5d675b0bf4e9d2c212ff"},{"Customer_Name":"F","Calendar_week":37,"Amount":3.0,"PickAndPay":0,"Revenue":5036.68,"Invoice_Date":"2017-09-14","Article_Number":"135097","Article_Name":"RADIAL BALL BEARING 80X140X26","Order_Form_ID":"981d92c230fe5d675b0bf4e9d2c212ff"},{"Customer_Name":"F","Calendar_week":37,"Amount":3.0,"PickAndPay":0,"Revenue":369.07,"Invoice_Date":"2017-09-14","Article_Number":"137776","Article_Name":"RADIAL SHAFT SEAL A 110,0X130X12","Order_Form_ID":"981d92c230fe5d675b0bf4e9d2c212ff"},{"Customer_Name":"F","Calendar_week":37,"Amount":2.0,"PickAndPay":0,"Revenue":24112.21,"Invoice_Date":"2017-09-14","Article_Number":"104581511","Article_Name":"BRAKE DISK 60","Order_Form_ID":"981d92c230fe5d675b0bf4e9d2c212ff"},{"Customer_Name":"F","Calendar_week":37,"Amount":2.0,"PickAndPay":0,"Revenue":25896.54,"Invoice_Date":"2017-09-14","Article_Number":"147427820","Article_Name":"CASE RD126X106","Order_Form_ID":"981d92c230fe5d675b0bf4e9d2c212ff"},{"Customer_Name":"F","Calendar_week":37,"Amount":1.0,"PickAndPay":0,"Revenue":192.37,"Invoice_Date":"2017-09-14","Article_Number":"110991003","Article_Name":"PACKING CHARGES (CARTON) 360X360X250","Order_Form_ID":"981d92c230fe5d675b0bf4e9d2c212ff"},{"Customer_Name":"F","Calendar_week":37,"Amount":1.0,"PickAndPay":0,"Revenue":192.37,"Invoice_Date":"2017-09-14","Article_Number":"110991002","Article_Name":"PACKING CHARGES (CARTON) 300X300X200","Order_Form_ID":"981d92c230fe5d675b0bf4e9d2c212ff"},{"Customer_Name":"F","Calendar_week":40,"Amount":2.0,"PickAndPay":0,"Revenue":149596.44,"Invoice_Date":"2017-10-02","Article_Number":"117352800","Article_Name":"GUIDE ROLL 145X2550\/2570","Order_Form_ID":"f3b711c1bd9dd139ef5b9bf30c98c75d"},{"Customer_Name":"F","Calendar_week":40,"Amount":2.0,"PickAndPay":0,"Revenue":15614.59,"Invoice_Date":"2017-10-02","Article_Number":"102633200","Article_Name":"ADAPTER 75\/45X306","Order_Form_ID":"f3b711c1bd9dd139ef5b9bf30c98c75d"},{"Customer_Name":"F","Calendar_week":40,"Amount":1.0,"PickAndPay":0,"Revenue":2748.08,"Invoice_Date":"2017-10-02","Article_Number":"V00000003","Article_Name":"PACKING CHARGES (BOX) 3100X340X430MM","Order_Form_ID":"f3b711c1bd9dd139ef5b9bf30c98c75d"},{"Customer_Name":"F","Calendar_week":40,"Amount":1.0,"PickAndPay":0,"Revenue":192.37,"Invoice_Date":"2017-10-02","Article_Number":"118308700","Article_Name":"PACKING CHARGES (CARTON) 330X163X172 MM","Order_Form_ID":"f3b711c1bd9dd139ef5b9bf30c98c75d"},{"Customer_Name":"F","Calendar_week":41,"Amount":1.0,"PickAndPay":1,"Revenue":359.72,"Invoice_Date":"2017-10-13","Article_Number":"185620","Article_Name":"TOOTHED BELT HTD 30X8X640","Order_Form_ID":"dfb268390e8cf1ef4c66f123ce220b6a"},{"Customer_Name":"F","Calendar_week":41,"Amount":1.0,"PickAndPay":1,"Revenue":651.57,"Invoice_Date":"2017-10-13","Article_Number":"117712402","Article_Name":"TOOTHED BELT GT 40X 8X 720","Order_Form_ID":"dfb268390e8cf1ef4c66f123ce220b6a"},{"Customer_Name":"F","Calendar_week":42,"Amount":2.0,"PickAndPay":0,"Revenue":16553.34,"Invoice_Date":"2017-10-17","Article_Number":"102633200","Article_Name":"ADAPTER 75\/45X306","Order_Form_ID":"deebccd2de4e0b8b93f301887fd122ba"},{"Customer_Name":"F","Calendar_week":42,"Amount":1.0,"PickAndPay":0,"Revenue":192.37,"Invoice_Date":"2017-10-17","Article_Number":"118308700","Article_Name":"PACKING CHARGES (CARTON) 330X163X172 MM","Order_Form_ID":"deebccd2de4e0b8b93f301887fd122ba"},{"Customer_Name":"F","Calendar_week":42,"Amount":1.0,"PickAndPay":0,"Revenue":74933.84,"Invoice_Date":"2017-10-19","Article_Number":"117352800","Article_Name":"GUIDE ROLL 145X2550\/2570","Order_Form_ID":"3102070b508c649f161733eea10e8df3"},{"Customer_Name":"F","Calendar_week":42,"Amount":2.0,"PickAndPay":0,"Revenue":15616.24,"Invoice_Date":"2017-10-19","Article_Number":"102633200","Article_Name":"ADAPTER 75\/45X306","Order_Form_ID":"3102070b508c649f161733eea10e8df3"},{"Customer_Name":"F","Calendar_week":42,"Amount":1.0,"PickAndPay":0,"Revenue":1923.66,"Invoice_Date":"2017-10-19","Article_Number":"V00000002","Article_Name":"PACKING CHARGES (BOX) 3100X240X330MM","Order_Form_ID":"3102070b508c649f161733eea10e8df3"},{"Customer_Name":"F","Calendar_week":42,"Amount":1.0,"PickAndPay":0,"Revenue":192.37,"Invoice_Date":"2017-10-19","Article_Number":"110991002","Article_Name":"PACKING CHARGES (CARTON) 300X300X200","Order_Form_ID":"3102070b508c649f161733eea10e8df3"},{"Customer_Name":"F","Calendar_week":42,"Amount":33.0,"PickAndPay":0,"Revenue":27819.09,"Invoice_Date":"2017-10-19","Article_Number":"108508304","Article_Name":"SHOE 40X10X76","Order_Form_ID":"7a49d48c8c96f25b2e4661aeeb5cb929"},{"Customer_Name":"F","Calendar_week":42,"Amount":1.0,"PickAndPay":0,"Revenue":192.37,"Invoice_Date":"2017-10-19","Article_Number":"110991000","Article_Name":"PACKING CHARGES (CARTON) 200X200X80","Order_Form_ID":"7a49d48c8c96f25b2e4661aeeb5cb929"},{"Customer_Name":"F","Calendar_week":42,"Amount":1.0,"PickAndPay":0,"Revenue":359.72,"Invoice_Date":"2017-10-19","Article_Number":"185620","Article_Name":"TOOTHED BELT HTD 30X8X640","Order_Form_ID":"bcf2b321ddab486e68ecf42b99740923"},{"Customer_Name":"F","Calendar_week":42,"Amount":1.0,"PickAndPay":0,"Revenue":651.57,"Invoice_Date":"2017-10-19","Article_Number":"117712402","Article_Name":"TOOTHED BELT GT 40X 8X 720","Order_Form_ID":"bcf2b321ddab486e68ecf42b99740923"},{"Customer_Name":"F","Calendar_week":45,"Amount":300.0,"PickAndPay":0,"Revenue":5028.16,"Invoice_Date":"2017-11-08","Article_Number":"107254210","Article_Name":"FELT 46X35X10MM","Order_Form_ID":"1bf864216984d42746e412cefa768ec0"},{"Customer_Name":"F","Calendar_week":45,"Amount":10.0,"PickAndPay":0,"Revenue":47538.5,"Invoice_Date":"2017-11-08","Article_Number":"105303965","Article_Name":"DISC CUT KNIFE 240X1,2\/0,35MM,20°","Order_Form_ID":"1bf864216984d42746e412cefa768ec0"},{"Customer_Name":"F","Calendar_week":45,"Amount":20.0,"PickAndPay":0,"Revenue":22973.4,"Invoice_Date":"2017-11-08","Article_Number":"105406991","Article_Name":"GRINDING WHEEL 50X11X19MM","Order_Form_ID":"1bf864216984d42746e412cefa768ec0"},{"Customer_Name":"F","Calendar_week":45,"Amount":1.0,"PickAndPay":0,"Revenue":192.37,"Invoice_Date":"2017-11-08","Article_Number":"110991003","Article_Name":"PACKING CHARGES (CARTON) 360X360X250","Order_Form_ID":"1bf864216984d42746e412cefa768ec0"},{"Customer_Name":"F","Calendar_week":45,"Amount":2.0,"PickAndPay":0,"Revenue":1568.88,"Invoice_Date":"2017-11-09","Article_Number":"146581902","Article_Name":"FLANGE D118X36,5","Order_Form_ID":"0644234620499d69e44edc5c6d3df3ba"},{"Customer_Name":"F","Calendar_week":45,"Amount":4.0,"PickAndPay":0,"Revenue":78.87,"Invoice_Date":"2017-11-09","Article_Number":"120739","Article_Name":"COUNTERSUNK SCREW M8X10","Order_Form_ID":"0644234620499d69e44edc5c6d3df3ba"},{"Customer_Name":"F","Calendar_week":45,"Amount":1.0,"PickAndPay":0,"Revenue":20126.39,"Invoice_Date":"2017-11-09","Article_Number":"102519255","Article_Name":"SCORERS 4,95 (77-173-H)","Order_Form_ID":"0644234620499d69e44edc5c6d3df3ba"},{"Customer_Name":"F","Calendar_week":45,"Amount":1.0,"PickAndPay":0,"Revenue":192.37,"Invoice_Date":"2017-11-09","Article_Number":"110991001","Article_Name":"PACKING CHARGES (CARTON) 200X200X150","Order_Form_ID":"0644234620499d69e44edc5c6d3df3ba"},{"Customer_Name":"F","Calendar_week":47,"Amount":-2.0,"PickAndPay":0,"Revenue":-311931.88,"Invoice_Date":"2017-11-22","Article_Number":"123198911","Article_Name":"BEARING","Order_Form_ID":"23ea15c11754c800ae67e6500a3b2098"},{"Customer_Name":"F","Calendar_week":47,"Amount":-2.0,"PickAndPay":0,"Revenue":-311931.88,"Invoice_Date":"2017-11-22","Article_Number":"123199310","Article_Name":"BEARING","Order_Form_ID":"23ea15c11754c800ae67e6500a3b2098"},{"Customer_Name":"F","Calendar_week":47,"Amount":-4.0,"PickAndPay":0,"Revenue":-1252.03,"Invoice_Date":"2017-11-22","Article_Number":"103985000","Article_Name":"SEALING AGENT INHAL:100G=80ML","Order_Form_ID":"23ea15c11754c800ae67e6500a3b2098"},{"Customer_Name":"F","Calendar_week":47,"Amount":-2.0,"PickAndPay":0,"Revenue":-27890.27,"Invoice_Date":"2017-11-22","Article_Number":"124352302","Article_Name":"TRANSMITTER 11-27 VDC","Order_Form_ID":"23ea15c11754c800ae67e6500a3b2098"},{"Customer_Name":"F","Calendar_week":47,"Amount":-4.0,"PickAndPay":0,"Revenue":-169210.31,"Invoice_Date":"2017-11-22","Article_Number":"113007800","Article_Name":"COUPLING 70","Order_Form_ID":"23ea15c11754c800ae67e6500a3b2098"},{"Customer_Name":"F","Calendar_week":49,"Amount":31.0,"PickAndPay":0,"Revenue":16268.91,"Invoice_Date":"2017-12-06","Article_Number":"123052310","Article_Name":"NO-CRUSH-ROLLER 165X65X50","Order_Form_ID":"136d2e6bedaa86b909805ae4178efbe1"},{"Customer_Name":"F","Calendar_week":49,"Amount":1.0,"PickAndPay":0,"Revenue":192.37,"Invoice_Date":"2017-12-06","Article_Number":"110991004","Article_Name":"PACKING CHARGES (CARTON) 610X410X230","Order_Form_ID":"136d2e6bedaa86b909805ae4178efbe1"},{"Customer_Name":"F","Calendar_week":50,"Amount":8.0,"PickAndPay":0,"Revenue":6807.27,"Invoice_Date":"2017-12-12","Article_Number":"135064","Article_Name":"RADIAL BALL BEARING 60X95X18","Order_Form_ID":"5590a4aa43bce04791a2d12b3943243a"},{"Customer_Name":"F","Calendar_week":50,"Amount":6.0,"PickAndPay":0,"Revenue":10659.8,"Invoice_Date":"2017-12-12","Article_Number":"183315900","Article_Name":"RADIAL BALL BEARING 50X72X12","Order_Form_ID":"5590a4aa43bce04791a2d12b3943243a"},{"Customer_Name":"F","Calendar_week":50,"Amount":2.0,"PickAndPay":0,"Revenue":765.07,"Invoice_Date":"2017-12-12","Article_Number":"185620","Article_Name":"TOOTHED BELT HTD 30X8X640","Order_Form_ID":"5590a4aa43bce04791a2d12b3943243a"},{"Customer_Name":"F","Calendar_week":50,"Amount":1.0,"PickAndPay":0,"Revenue":192.37,"Invoice_Date":"2017-12-12","Article_Number":"118308700","Article_Name":"PACKING CHARGES (CARTON) 330X163X172 MM","Order_Form_ID":"5590a4aa43bce04791a2d12b3943243a"},{"Customer_Name":"F","Calendar_week":50,"Amount":3.0,"PickAndPay":1,"Revenue":13945.13,"Invoice_Date":"2017-12-15","Article_Number":"105303965","Article_Name":"DISC CUT KNIFE 240X1,2\/0,35MM,20°","Order_Form_ID":"23914fad72f04d3ee835f419536bc0d4"},{"Customer_Name":"F","Calendar_week":50,"Amount":-1.0,"PickAndPay":1,"Revenue":-2779.68,"Invoice_Date":"2017-12-15","Article_Number":"117101900","Article_Name":"WEAR PLATE FL 84,5X27X6","Order_Form_ID":"ce8eec7c33b02b51a39b886278d96aa9"},{"Customer_Name":"F","Calendar_week":51,"Amount":1.0,"PickAndPay":0,"Revenue":1863.47,"Invoice_Date":"2017-12-19","Article_Number":"184288.08","Article_Name":"SCRAPER BLADE 2565X50X0,8","Order_Form_ID":"06a2a2a40a15745a6e748d0fa46525bf"},{"Customer_Name":"F","Calendar_week":51,"Amount":1.0,"PickAndPay":0,"Revenue":192.37,"Invoice_Date":"2017-12-19","Article_Number":"118308200","Article_Name":"PACKING CHARGES (CARTON) 350X60X350 MM","Order_Form_ID":"06a2a2a40a15745a6e748d0fa46525bf"},{"Customer_Name":"F","Calendar_week":52,"Amount":3.0,"PickAndPay":0,"Revenue":4737.97,"Invoice_Date":"2017-12-29","Article_Number":"184288.08","Article_Name":"SCRAPER BLADE 2565X50X0,8","Order_Form_ID":"0afd59c867b2e0b8d4f135703dce47a2"},{"Customer_Name":"F","Calendar_week":52,"Amount":1.0,"PickAndPay":0,"Revenue":192.37,"Invoice_Date":"2017-12-29","Article_Number":"118308200","Article_Name":"PACKING CHARGES (CARTON) 350X60X350 MM","Order_Form_ID":"0afd59c867b2e0b8d4f135703dce47a2"},{"Customer_Name":"F","Calendar_week":52,"Amount":1.0,"PickAndPay":1,"Revenue":432.82,"Invoice_Date":"2017-12-29","Article_Number":"P030FR001","Article_Name":"FREIGHT CHARGES","Order_Form_ID":"0c7b7e69ad4c266361d4edf4d14c13a1"},{"Customer_Name":"F","Calendar_week":52,"Amount":1.0,"PickAndPay":1,"Revenue":197.86,"Invoice_Date":"2017-12-29","Article_Number":"P030PA001","Article_Name":"PACKING","Order_Form_ID":"0c7b7e69ad4c266361d4edf4d14c13a1"},{"Customer_Name":"F","Calendar_week":1,"Amount":1.0,"PickAndPay":0,"Revenue":41924.99,"Invoice_Date":"2018-01-05","Article_Number":"225992610","Article_Name":"COMMUNICATION MODULE 10 PORTS","Order_Form_ID":"6a2292b9a141396aa9e62a448a0b3323"},{"Customer_Name":"F","Calendar_week":1,"Amount":1.0,"PickAndPay":0,"Revenue":197.86,"Invoice_Date":"2018-01-05","Article_Number":"110991002","Article_Name":"PACKING CHARGES (CARTON) 300X300X200","Order_Form_ID":"6a2292b9a141396aa9e62a448a0b3323"},{"Customer_Name":"F","Calendar_week":1,"Amount":1.0,"PickAndPay":0,"Revenue":33118.77,"Invoice_Date":"2018-01-05","Article_Number":"125357803","Article_Name":"VALVE UNIT 3-10 BAR;D12\/8","Order_Form_ID":"0e1c0cfbe45574d556198e52a344a23c"},{"Customer_Name":"F","Calendar_week":1,"Amount":1.0,"PickAndPay":0,"Revenue":197.86,"Invoice_Date":"2018-01-05","Article_Number":"110991002","Article_Name":"PACKING CHARGES (CARTON) 300X300X200","Order_Form_ID":"0e1c0cfbe45574d556198e52a344a23c"},{"Customer_Name":"F","Calendar_week":2,"Amount":1.0,"PickAndPay":0,"Revenue":9737.27,"Invoice_Date":"2018-01-11","Article_Number":"189633002","Article_Name":"EJECTOR DISK RD 240 X 23","Order_Form_ID":"0c1b82c00168f61edc06520717da2e78"},{"Customer_Name":"F","Calendar_week":2,"Amount":1.0,"PickAndPay":0,"Revenue":1524.91,"Invoice_Date":"2018-01-11","Article_Number":"184288.08","Article_Name":"SCRAPER BLADE 2565X50X0,8","Order_Form_ID":"0c1b82c00168f61edc06520717da2e78"},{"Customer_Name":"F","Calendar_week":2,"Amount":1.0,"PickAndPay":0,"Revenue":130175.48,"Invoice_Date":"2018-01-11","Article_Number":"151128613","Article_Name":"BHS KNIFE SET AB-2500","Order_Form_ID":"0c1b82c00168f61edc06520717da2e78"},{"Customer_Name":"F","Calendar_week":2,"Amount":1.0,"PickAndPay":0,"Revenue":1374.04,"Invoice_Date":"2018-01-11","Article_Number":"V00000007","Article_Name":"PACKING CHARGES (BOX) 2670X100X110MM","Order_Form_ID":"0c1b82c00168f61edc06520717da2e78"},{"Customer_Name":"F","Calendar_week":2,"Amount":1.0,"PickAndPay":0,"Revenue":197.86,"Invoice_Date":"2018-01-11","Article_Number":"110991002","Article_Name":"PACKING CHARGES (CARTON) 300X300X200","Order_Form_ID":"0c1b82c00168f61edc06520717da2e78"},{"Customer_Name":"F","Calendar_week":3,"Amount":1.0,"PickAndPay":1,"Revenue":54308.94,"Invoice_Date":"2018-01-15","Article_Number":"194858419","Article_Name":"FREQUENCY CONTROLLER 400-500V\/13A\/50-60H","Order_Form_ID":"68b4546ca500e17e747c6c6256c460db"},{"Customer_Name":"F","Calendar_week":3,"Amount":25.0,"PickAndPay":1,"Revenue":12321.57,"Invoice_Date":"2018-01-15","Article_Number":"123052310","Article_Name":"NO-CRUSH-ROLLER 165X65X50","Order_Form_ID":"68b4546ca500e17e747c6c6256c460db"},{"Customer_Name":"F","Calendar_week":3,"Amount":33.0,"PickAndPay":0,"Revenue":28589.93,"Invoice_Date":"2018-01-17","Article_Number":"108508304","Article_Name":"SHOE 40X10X76","Order_Form_ID":"02ced9bbdb4a623bd66c9573ae6e2618"},{"Customer_Name":"F","Calendar_week":3,"Amount":1.0,"PickAndPay":0,"Revenue":197.86,"Invoice_Date":"2018-01-17","Article_Number":"110991000","Article_Name":"PACKING CHARGES (CARTON) 200X200X80","Order_Form_ID":"02ced9bbdb4a623bd66c9573ae6e2618"},{"Customer_Name":"F","Calendar_week":3,"Amount":1.0,"PickAndPay":0,"Revenue":5956.46,"Invoice_Date":"2018-01-18","Article_Number":"194858491","Article_Name":"FREQUENCY CONTROLLER E84AYCERV\/S","Order_Form_ID":"a401d1535dfd61ebc802fce07bdd9fe7"},{"Customer_Name":"F","Calendar_week":3,"Amount":1.0,"PickAndPay":0,"Revenue":43680.74,"Invoice_Date":"2018-01-18","Article_Number":"194858422","Article_Name":"FREQUENCY CONTROLLER 400-500V\/5,6-4,5A\/5","Order_Form_ID":"a401d1535dfd61ebc802fce07bdd9fe7"},{"Customer_Name":"F","Calendar_week":3,"Amount":1.0,"PickAndPay":0,"Revenue":25910.55,"Invoice_Date":"2018-01-18","Article_Number":"P030FR001","Article_Name":"FREIGHT CHARGES","Order_Form_ID":"a401d1535dfd61ebc802fce07bdd9fe7"},{"Customer_Name":"F","Calendar_week":5,"Amount":1.0,"PickAndPay":0,"Revenue":2914.61,"Invoice_Date":"2018-01-31","Article_Number":"102590600","Article_Name":"PNEUMATIC CYLINDER 63X 20-G1\/4 DW","Order_Form_ID":"cff8b3f84dc2a9b77dee14cb62e772e0"},{"Customer_Name":"F","Calendar_week":5,"Amount":1.0,"PickAndPay":0,"Revenue":197.86,"Invoice_Date":"2018-01-31","Article_Number":"110991001","Article_Name":"PACKING CHARGES (CARTON) 200X200X150","Order_Form_ID":"cff8b3f84dc2a9b77dee14cb62e772e0"},{"Customer_Name":"F","Calendar_week":5,"Amount":300.0,"PickAndPay":1,"Revenue":5045.48,"Invoice_Date":"2018-02-01","Article_Number":"107254210","Article_Name":"FELT 46X35X10MM","Order_Form_ID":"32906644caf6a1d0a415c2c5b9567361"},{"Customer_Name":"F","Calendar_week":6,"Amount":1.0,"PickAndPay":0,"Revenue":2804.69,"Invoice_Date":"2018-02-05","Article_Number":"102590600","Article_Name":"PNEUMATIC CYLINDER 63X 20-G1\/4 DW","Order_Form_ID":"cab117f3addcb2d653541c9067e2c8d2"},{"Customer_Name":"F","Calendar_week":6,"Amount":1.0,"PickAndPay":0,"Revenue":197.86,"Invoice_Date":"2018-02-05","Article_Number":"110991000","Article_Name":"PACKING CHARGES (CARTON) 200X200X80","Order_Form_ID":"cab117f3addcb2d653541c9067e2c8d2"},{"Customer_Name":"F","Calendar_week":6,"Amount":200.0,"PickAndPay":0,"Revenue":87118.55,"Invoice_Date":"2018-02-05","Article_Number":"107833921","Article_Name":"HYSYN V32 FOOD H1 200L","Order_Form_ID":"45639e5728577ea1cc1928f0a6b36d37"},{"Customer_Name":"F","Calendar_week":6,"Amount":1.0,"PickAndPay":0,"Revenue":412.21,"Invoice_Date":"2018-02-05","Article_Number":"V00000019","Article_Name":"PACKING CHARGES (EUR-PALLET) 1200X800X14","Order_Form_ID":"45639e5728577ea1cc1928f0a6b36d37"},{"Customer_Name":"F","Calendar_week":7,"Amount":1.0,"PickAndPay":0,"Revenue":76892.67,"Invoice_Date":"2018-02-13","Article_Number":"109893800","Article_Name":"SERVOMOTOR MO=31NM;MN=30,2;12A;2000UPM","Order_Form_ID":"063ad2b556308d0bd3cd3a5ffd1670bc"},{"Customer_Name":"F","Calendar_week":7,"Amount":1.0,"PickAndPay":0,"Revenue":2473.27,"Invoice_Date":"2018-02-13","Article_Number":"V00000012","Article_Name":"PACKING CHARGES (BOX) 790X380X380MM","Order_Form_ID":"063ad2b556308d0bd3cd3a5ffd1670bc"},{"Customer_Name":"F","Calendar_week":8,"Amount":2.0,"PickAndPay":0,"Revenue":9260.76,"Invoice_Date":"2018-02-19","Article_Number":"218730409","Article_Name":"BEARING FLANGE 72\/60\/40X110LG","Order_Form_ID":"9d13335cd230c3d4f01675bcbb5a6a10"},{"Customer_Name":"F","Calendar_week":8,"Amount":2.0,"PickAndPay":0,"Revenue":13819.27,"Invoice_Date":"2018-02-19","Article_Number":"218782900","Article_Name":"ECCENTRIC BUSH D138\/72X45LG","Order_Form_ID":"9d13335cd230c3d4f01675bcbb5a6a10"},{"Customer_Name":"F","Calendar_week":8,"Amount":1.0,"PickAndPay":0,"Revenue":197.86,"Invoice_Date":"2018-02-19","Article_Number":"110991001","Article_Name":"PACKING CHARGES (CARTON) 200X200X150","Order_Form_ID":"9d13335cd230c3d4f01675bcbb5a6a10"},{"Customer_Name":"F","Calendar_week":8,"Amount":2.0,"PickAndPay":0,"Revenue":25381.82,"Invoice_Date":"2018-02-20","Article_Number":"101519000","Article_Name":"CARDAN SHAFT S= 270 X= 40","Order_Form_ID":"9663966200dfee8ee495197285cf1f73"},{"Customer_Name":"F","Calendar_week":8,"Amount":1.0,"PickAndPay":0,"Revenue":197.86,"Invoice_Date":"2018-02-20","Article_Number":"118308700","Article_Name":"PACKING CHARGES (CARTON) 330X163X172 MM","Order_Form_ID":"9663966200dfee8ee495197285cf1f73"},{"Customer_Name":"F","Calendar_week":9,"Amount":1.0,"PickAndPay":1,"Revenue":44466.69,"Invoice_Date":"2018-03-01","Article_Number":"BSP3000100","Article_Name":"PICK&PAY","Order_Form_ID":"6ab4f583db7d41b0e0142f2a812fcd4d"},{"Customer_Name":"F","Calendar_week":9,"Amount":-1.0,"PickAndPay":1,"Revenue":-44466.69,"Invoice_Date":"2018-03-01","Article_Number":"BSP3000100","Article_Name":"PICK&PAY","Order_Form_ID":"d6ec8f21b194017b57bf2897c3ba0e71"},{"Customer_Name":"F","Calendar_week":9,"Amount":1.0,"PickAndPay":1,"Revenue":44466.69,"Invoice_Date":"2018-03-01","Article_Number":"BSP3000100","Article_Name":"PICK&PAY","Order_Form_ID":"d7355ae7b73425fac41a9616e1b22249"},{"Customer_Name":"F","Calendar_week":10,"Amount":1.0,"PickAndPay":0,"Revenue":49858.7,"Invoice_Date":"2018-03-08","Article_Number":"851017454","Article_Name":"HYDRAULIC CYLINDER 63X400-M14X1,5","Order_Form_ID":"48e66e6bbcd3fd445d315e5dcb91d9ef"},{"Customer_Name":"F","Calendar_week":10,"Amount":1.0,"PickAndPay":0,"Revenue":197.86,"Invoice_Date":"2018-03-08","Article_Number":"110991006","Article_Name":"PACKING CHARGES (CARTON) 700X200X200","Order_Form_ID":"48e66e6bbcd3fd445d315e5dcb91d9ef"},{"Customer_Name":"F","Calendar_week":12,"Amount":2.0,"PickAndPay":0,"Revenue":2075.9,"Invoice_Date":"2018-03-20","Article_Number":"108508304","Article_Name":"SHOE 40X10X76","Order_Form_ID":"a26ad35fc41ae9a5416394ea3c3bd9dc"},{"Customer_Name":"F","Calendar_week":12,"Amount":1.0,"PickAndPay":0,"Revenue":197.86,"Invoice_Date":"2018-03-20","Article_Number":"110991000","Article_Name":"PACKING CHARGES (CARTON) 200X200X80","Order_Form_ID":"a26ad35fc41ae9a5416394ea3c3bd9dc"},{"Customer_Name":"F","Calendar_week":12,"Amount":1.0,"PickAndPay":0,"Revenue":37342.57,"Invoice_Date":"2018-03-21","Article_Number":"232688522","Article_Name":"CARBON BRUSH","Order_Form_ID":"29d788ea7f0cf3baa3eea995e9d529c0"},{"Customer_Name":"F","Calendar_week":12,"Amount":1.0,"PickAndPay":0,"Revenue":197.86,"Invoice_Date":"2018-03-21","Article_Number":"118308700","Article_Name":"PACKING CHARGES (CARTON) 330X163X172 MM","Order_Form_ID":"29d788ea7f0cf3baa3eea995e9d529c0"},{"Customer_Name":"F","Calendar_week":14,"Amount":1.0,"PickAndPay":0,"Revenue":4957.81,"Invoice_Date":"2018-04-05","Article_Number":"124137303","Article_Name":"TOOTHED DISK 127X103","Order_Form_ID":"d1f9aea61f358f2e47336f9324007956"},{"Customer_Name":"F","Calendar_week":14,"Amount":4.0,"PickAndPay":0,"Revenue":2171.53,"Invoice_Date":"2018-04-05","Article_Number":"135109","Article_Name":"RADIAL BALL BEARING 40X80X18","Order_Form_ID":"d1f9aea61f358f2e47336f9324007956"},{"Customer_Name":"F","Calendar_week":14,"Amount":4.0,"PickAndPay":0,"Revenue":6923.79,"Invoice_Date":"2018-04-05","Article_Number":"136000","Article_Name":"SELF-ALIGNING ROLLER BEARING 40X80X23","Order_Form_ID":"d1f9aea61f358f2e47336f9324007956"},{"Customer_Name":"F","Calendar_week":14,"Amount":2.0,"PickAndPay":0,"Revenue":11434.21,"Invoice_Date":"2018-04-05","Article_Number":"124137304","Article_Name":"TOOTHED DISK 8X48X62.3","Order_Form_ID":"d1f9aea61f358f2e47336f9324007956"},{"Customer_Name":"F","Calendar_week":14,"Amount":2.0,"PickAndPay":0,"Revenue":2743.96,"Invoice_Date":"2018-04-05","Article_Number":"131209700","Article_Name":"TOOTHED BELT GT 50X 8X1760","Order_Form_ID":"d1f9aea61f358f2e47336f9324007956"},{"Customer_Name":"F","Calendar_week":14,"Amount":1.0,"PickAndPay":0,"Revenue":197.86,"Invoice_Date":"2018-04-05","Article_Number":"110991002","Article_Name":"PACKING CHARGES (CARTON) 300X300X200","Order_Form_ID":"d1f9aea61f358f2e47336f9324007956"},{"Customer_Name":"F","Calendar_week":16,"Amount":4.0,"PickAndPay":0,"Revenue":21107.18,"Invoice_Date":"2018-04-16","Article_Number":"124118601","Article_Name":"BOLT RD.90X78","Order_Form_ID":"51f1afcef4a608d13d814c2b1a1e772f"},{"Customer_Name":"F","Calendar_week":16,"Amount":2.0,"PickAndPay":0,"Revenue":7110.66,"Invoice_Date":"2018-04-16","Article_Number":"124137310","Article_Name":"TENSION PULLEY RD.130X60","Order_Form_ID":"51f1afcef4a608d13d814c2b1a1e772f"},{"Customer_Name":"F","Calendar_week":16,"Amount":1.0,"PickAndPay":0,"Revenue":197.86,"Invoice_Date":"2018-04-16","Article_Number":"118308700","Article_Name":"PACKING CHARGES (CARTON) 330X163X172 MM","Order_Form_ID":"51f1afcef4a608d13d814c2b1a1e772f"},{"Customer_Name":"F","Calendar_week":16,"Amount":1.0,"PickAndPay":0,"Revenue":17045.79,"Invoice_Date":"2018-04-16","Article_Number":"851002170","Article_Name":"COMPRESSED-AIR MOTOR","Order_Form_ID":"734be0125eef3722f225cd7e5d583752"},{"Customer_Name":"F","Calendar_week":16,"Amount":1.0,"PickAndPay":0,"Revenue":4623.1,"Invoice_Date":"2018-04-16","Article_Number":"102604401","Article_Name":"FIXING","Order_Form_ID":"734be0125eef3722f225cd7e5d583752"},{"Customer_Name":"F","Calendar_week":16,"Amount":1.0,"PickAndPay":0,"Revenue":197.86,"Invoice_Date":"2018-04-16","Article_Number":"118308700","Article_Name":"PACKING CHARGES (CARTON) 330X163X172 MM","Order_Form_ID":"734be0125eef3722f225cd7e5d583752"},{"Customer_Name":"F","Calendar_week":16,"Amount":1.0,"PickAndPay":1,"Revenue":2609.03,"Invoice_Date":"2018-04-16","Article_Number":"P030FR001","Article_Name":"FREIGHT CHARGES","Order_Form_ID":"a4eb027da1887f6ccc45cb727dfd6356"},{"Customer_Name":"F","Calendar_week":16,"Amount":1.0,"PickAndPay":1,"Revenue":395.72,"Invoice_Date":"2018-04-16","Article_Number":"P030PA001","Article_Name":"PACKING","Order_Form_ID":"a4eb027da1887f6ccc45cb727dfd6356"},{"Customer_Name":"F","Calendar_week":16,"Amount":1.0,"PickAndPay":0,"Revenue":5843.79,"Invoice_Date":"2018-04-17","Article_Number":"124137303","Article_Name":"TOOTHED DISK 127X103","Order_Form_ID":"06795f2c9020fe6fee6a7c90e62af11c"},{"Customer_Name":"F","Calendar_week":16,"Amount":1.0,"PickAndPay":0,"Revenue":197.86,"Invoice_Date":"2018-04-17","Article_Number":"110991001","Article_Name":"PACKING CHARGES (CARTON) 200X200X150","Order_Form_ID":"06795f2c9020fe6fee6a7c90e62af11c"},{"Customer_Name":"F","Calendar_week":16,"Amount":1.0,"PickAndPay":0,"Revenue":17347.53,"Invoice_Date":"2018-04-20","Article_Number":"851002170","Article_Name":"COMPRESSED-AIR MOTOR","Order_Form_ID":"ea4789bfc3acafcafb376ed29941c43f"},{"Customer_Name":"F","Calendar_week":16,"Amount":1.0,"PickAndPay":0,"Revenue":197.86,"Invoice_Date":"2018-04-20","Article_Number":"118308700","Article_Name":"PACKING CHARGES (CARTON) 330X163X172 MM","Order_Form_ID":"ea4789bfc3acafcafb376ed29941c43f"},{"Customer_Name":"F","Calendar_week":17,"Amount":50.0,"PickAndPay":0,"Revenue":20016.47,"Invoice_Date":"2018-04-23","Article_Number":"107440100","Article_Name":"NAP FOIL 120 MM BR\/25 M","Order_Form_ID":"401665597463381521c0f659d9fb773f"},{"Customer_Name":"F","Calendar_week":17,"Amount":1.0,"PickAndPay":0,"Revenue":197.86,"Invoice_Date":"2018-04-23","Article_Number":"110991002","Article_Name":"PACKING CHARGES (CARTON) 300X300X200","Order_Form_ID":"401665597463381521c0f659d9fb773f"},{"Customer_Name":"F","Calendar_week":17,"Amount":12.0,"PickAndPay":0,"Revenue":58645.41,"Invoice_Date":"2018-04-23","Article_Number":"105303965","Article_Name":"DISC CUT KNIFE 240X1,2\/0,35MM,20°","Order_Form_ID":"5bcdc3db3a827e64d5cb9f0ddf117eab"},{"Customer_Name":"F","Calendar_week":17,"Amount":24.0,"PickAndPay":0,"Revenue":28346.45,"Invoice_Date":"2018-04-23","Article_Number":"105406991","Article_Name":"GRINDING WHEEL 50X11X19MM","Order_Form_ID":"5bcdc3db3a827e64d5cb9f0ddf117eab"},{"Customer_Name":"F","Calendar_week":17,"Amount":1.0,"PickAndPay":0,"Revenue":370.72,"Invoice_Date":"2018-04-23","Article_Number":"130343910","Article_Name":"PROXIMITY SWITCH 10-30VDC;PNP;M8","Order_Form_ID":"5bcdc3db3a827e64d5cb9f0ddf117eab"},{"Customer_Name":"F","Calendar_week":17,"Amount":1.0,"PickAndPay":0,"Revenue":685.92,"Invoice_Date":"2018-04-23","Article_Number":"117712402","Article_Name":"TOOTHED BELT GT 40X 8X 720","Order_Form_ID":"5bcdc3db3a827e64d5cb9f0ddf117eab"},{"Customer_Name":"F","Calendar_week":17,"Amount":1.0,"PickAndPay":0,"Revenue":197.86,"Invoice_Date":"2018-04-23","Article_Number":"110991003","Article_Name":"PACKING CHARGES (CARTON) 360X360X250","Order_Form_ID":"5bcdc3db3a827e64d5cb9f0ddf117eab"},{"Customer_Name":"F","Calendar_week":20,"Amount":2.0,"PickAndPay":0,"Revenue":10442.43,"Invoice_Date":"2018-05-16","Article_Number":"124137303","Article_Name":"TOOTHED DISK 127X103","Order_Form_ID":"b7e9fee8f748b8a69293f43119321f21"},{"Customer_Name":"F","Calendar_week":20,"Amount":1.0,"PickAndPay":0,"Revenue":197.86,"Invoice_Date":"2018-05-16","Article_Number":"110991002","Article_Name":"PACKING CHARGES (CARTON) 300X300X200","Order_Form_ID":"b7e9fee8f748b8a69293f43119321f21"},{"Customer_Name":"F","Calendar_week":22,"Amount":300.0,"PickAndPay":1,"Revenue":5045.48,"Invoice_Date":"2018-05-28","Article_Number":"107254210","Article_Name":"FELT 46X35X10MM","Order_Form_ID":"5cb692e84b3aad0d60e32629625142cb"},{"Customer_Name":"F","Calendar_week":22,"Amount":1.0,"PickAndPay":1,"Revenue":670.26,"Invoice_Date":"2018-05-28","Article_Number":"117712402","Article_Name":"TOOTHED BELT GT 40X 8X 720","Order_Form_ID":"5cb692e84b3aad0d60e32629625142cb"},{"Customer_Name":"F","Calendar_week":22,"Amount":1.0,"PickAndPay":0,"Revenue":44570.02,"Invoice_Date":"2018-05-29","Article_Number":"194858422","Article_Name":"FREQUENCY CONTROLLER 400-500V\/5,6-4,5A\/5","Order_Form_ID":"6804ce6fab2a2768bc7881444b176ffa"},{"Customer_Name":"F","Calendar_week":22,"Amount":1.0,"PickAndPay":0,"Revenue":197.86,"Invoice_Date":"2018-05-29","Article_Number":"110991003","Article_Name":"PACKING CHARGES (CARTON) 360X360X250","Order_Form_ID":"6804ce6fab2a2768bc7881444b176ffa"},{"Customer_Name":"F","Calendar_week":22,"Amount":1.0,"PickAndPay":0,"Revenue":44570.02,"Invoice_Date":"2018-05-29","Article_Number":"194858422","Article_Name":"FREQUENCY CONTROLLER 400-500V\/5,6-4,5A\/5","Order_Form_ID":"6cc1dd0e9a46d9c1c2ee3623b2eb7ae0"},{"Customer_Name":"F","Calendar_week":22,"Amount":1.0,"PickAndPay":0,"Revenue":197.86,"Invoice_Date":"2018-05-29","Article_Number":"110991003","Article_Name":"PACKING CHARGES (CARTON) 360X360X250","Order_Form_ID":"6cc1dd0e9a46d9c1c2ee3623b2eb7ae0"},{"Customer_Name":"F","Calendar_week":24,"Amount":10.0,"PickAndPay":0,"Revenue":3525.24,"Invoice_Date":"2018-06-13","Article_Number":"144936900","Article_Name":"EXPANDED RUBBER DISK D200\/86X70","Order_Form_ID":"ccc34e49ddeb88c3cb377f5c44483117"},{"Customer_Name":"F","Calendar_week":24,"Amount":10.0,"PickAndPay":0,"Revenue":20527.06,"Invoice_Date":"2018-06-13","Article_Number":"144934001","Article_Name":"EXPANDED RUBBER DISK D 335 MM","Order_Form_ID":"ccc34e49ddeb88c3cb377f5c44483117"},{"Customer_Name":"F","Calendar_week":24,"Amount":1.0,"PickAndPay":0,"Revenue":1126.71,"Invoice_Date":"2018-06-13","Article_Number":"110680400","Article_Name":"PACKING CHARGES (PAL-BOX I) 830X580X680","Order_Form_ID":"ccc34e49ddeb88c3cb377f5c44483117"},{"Customer_Name":"F","Calendar_week":26,"Amount":12.0,"PickAndPay":0,"Revenue":23175.66,"Invoice_Date":"2018-06-26","Article_Number":"144934001","Article_Name":"EXPANDED RUBBER DISK D 335 MM","Order_Form_ID":"973bb907b5aaf478de19b69f4b6c85cf"},{"Customer_Name":"F","Calendar_week":26,"Amount":1.0,"PickAndPay":0,"Revenue":197.86,"Invoice_Date":"2018-06-26","Article_Number":"110991005","Article_Name":"PACKING CHARGES (CARTON) 600X400X400","Order_Form_ID":"973bb907b5aaf478de19b69f4b6c85cf"},{"Customer_Name":"F","Calendar_week":26,"Amount":1.0,"PickAndPay":0,"Revenue":197.86,"Invoice_Date":"2018-06-26","Article_Number":"110991003","Article_Name":"PACKING CHARGES (CARTON) 360X360X250","Order_Form_ID":"973bb907b5aaf478de19b69f4b6c85cf"},{"Customer_Name":"F","Calendar_week":26,"Amount":1.0,"PickAndPay":1,"Revenue":197.86,"Invoice_Date":"2018-06-28","Article_Number":"P030PA001","Article_Name":"PACKING","Order_Form_ID":"46a663538fb693ed365770af8a9bcf23"},{"Customer_Name":"F","Calendar_week":26,"Amount":1.0,"PickAndPay":1,"Revenue":779.63,"Invoice_Date":"2018-06-28","Article_Number":"P030FR001","Article_Name":"FREIGHT CHARGES","Order_Form_ID":"46a663538fb693ed365770af8a9bcf23"},{"Customer_Name":"F","Calendar_week":26,"Amount":1.0,"PickAndPay":1,"Revenue":197.86,"Invoice_Date":"2018-06-28","Article_Number":"P030PA001","Article_Name":"PACKING","Order_Form_ID":"618805c609b7ae35746ba1f185e7f485"},{"Customer_Name":"F","Calendar_week":26,"Amount":1.0,"PickAndPay":1,"Revenue":779.63,"Invoice_Date":"2018-06-28","Article_Number":"P030FR001","Article_Name":"FREIGHT CHARGES","Order_Form_ID":"618805c609b7ae35746ba1f185e7f485"},{"Customer_Name":"F","Calendar_week":28,"Amount":2.0,"PickAndPay":0,"Revenue":30962.9,"Invoice_Date":"2018-07-13","Article_Number":"212708100","Article_Name":"BEARING FLANGE RD.180X80","Order_Form_ID":"b60125340d71daf47e71534409118d5d"},{"Customer_Name":"F","Calendar_week":28,"Amount":1.0,"PickAndPay":0,"Revenue":197.86,"Invoice_Date":"2018-07-13","Article_Number":"110991001","Article_Name":"PACKING CHARGES (CARTON) 200X200X150","Order_Form_ID":"b60125340d71daf47e71534409118d5d"},{"Customer_Name":"F","Calendar_week":29,"Amount":1.0,"PickAndPay":0,"Revenue":2649.7,"Invoice_Date":"2018-07-19","Article_Number":"240692500","Article_Name":"TOOTHED BELT AT 50X10X1480","Order_Form_ID":"effbc456d323f027ed5749384a7a251a"},{"Customer_Name":"F","Calendar_week":29,"Amount":1.0,"PickAndPay":0,"Revenue":197.86,"Invoice_Date":"2018-07-19","Article_Number":"110991000","Article_Name":"PACKING CHARGES (CARTON) 200X200X80","Order_Form_ID":"effbc456d323f027ed5749384a7a251a"},{"Customer_Name":"F","Calendar_week":29,"Amount":1.0,"PickAndPay":0,"Revenue":30926.9,"Invoice_Date":"2018-07-20","Article_Number":"166666620","Article_Name":"CONVERTER LVX PNI","Order_Form_ID":"900487717876a2130b9dafbd16145042"},{"Customer_Name":"F","Calendar_week":29,"Amount":1.0,"PickAndPay":0,"Revenue":74257.26,"Invoice_Date":"2018-07-20","Article_Number":"166666628","Article_Name":"LIGHT BARRIER ARRANGEMENT SENDER EMPFÄNG","Order_Form_ID":"900487717876a2130b9dafbd16145042"},{"Customer_Name":"F","Calendar_week":29,"Amount":1.0,"PickAndPay":0,"Revenue":26348.6,"Invoice_Date":"2018-07-20","Article_Number":"P030FR001","Article_Name":"FREIGHT CHARGES","Order_Form_ID":"900487717876a2130b9dafbd16145042"},{"Customer_Name":"F","Calendar_week":30,"Amount":1.0,"PickAndPay":0,"Revenue":10106.34,"Invoice_Date":"2018-07-23","Article_Number":"189633002","Article_Name":"EJECTOR DISK RD 240 X 23","Order_Form_ID":"8ab8225e899da6bb026e899a814b7827"},{"Customer_Name":"F","Calendar_week":30,"Amount":1.0,"PickAndPay":0,"Revenue":197.86,"Invoice_Date":"2018-07-23","Article_Number":"118308200","Article_Name":"PACKING CHARGES (CARTON) 350X60X350 MM","Order_Form_ID":"8ab8225e899da6bb026e899a814b7827"},{"Customer_Name":"F","Calendar_week":30,"Amount":2.0,"PickAndPay":0,"Revenue":3845.11,"Invoice_Date":"2018-07-23","Article_Number":"100625800","Article_Name":"GUIDE PULLEY 32X14X26","Order_Form_ID":"a42592388a9fe0c60c9f2a0ba12a822e"},{"Customer_Name":"F","Calendar_week":30,"Amount":2.0,"PickAndPay":0,"Revenue":3846.49,"Invoice_Date":"2018-07-23","Article_Number":"100625400","Article_Name":"GUIDE PULLEY 32X14X26","Order_Form_ID":"a42592388a9fe0c60c9f2a0ba12a822e"},{"Customer_Name":"F","Calendar_week":30,"Amount":2.0,"PickAndPay":0,"Revenue":3790.43,"Invoice_Date":"2018-07-23","Article_Number":"100626100","Article_Name":"PULLEY 28X14X12","Order_Form_ID":"a42592388a9fe0c60c9f2a0ba12a822e"},{"Customer_Name":"F","Calendar_week":30,"Amount":2.0,"PickAndPay":0,"Revenue":3789.33,"Invoice_Date":"2018-07-23","Article_Number":"100626400","Article_Name":"PULLEY 28X14X12","Order_Form_ID":"a42592388a9fe0c60c9f2a0ba12a822e"},{"Customer_Name":"F","Calendar_week":30,"Amount":1.0,"PickAndPay":0,"Revenue":197.86,"Invoice_Date":"2018-07-23","Article_Number":"110991000","Article_Name":"PACKING CHARGES (CARTON) 200X200X80","Order_Form_ID":"a42592388a9fe0c60c9f2a0ba12a822e"},{"Customer_Name":"F","Calendar_week":30,"Amount":3.0,"PickAndPay":0,"Revenue":5231.52,"Invoice_Date":"2018-07-27","Article_Number":"103423900","Article_Name":"RUBBER PLATE 200X3X2600","Order_Form_ID":"ee4c4e268461d673019a6cbcc8ab531f"},{"Customer_Name":"F","Calendar_week":30,"Amount":1.0,"PickAndPay":0,"Revenue":197.86,"Invoice_Date":"2018-07-27","Article_Number":"110991002","Article_Name":"PACKING CHARGES (CARTON) 300X300X200","Order_Form_ID":"ee4c4e268461d673019a6cbcc8ab531f"},{"Customer_Name":"F","Calendar_week":31,"Amount":1.0,"PickAndPay":0,"Revenue":17060.36,"Invoice_Date":"2018-08-03","Article_Number":"851002170","Article_Name":"COMPRESSED-AIR MOTOR","Order_Form_ID":"fe5f9eb5eb1621e288e2a24990905941"},{"Customer_Name":"F","Calendar_week":31,"Amount":1.0,"PickAndPay":0,"Revenue":4636.01,"Invoice_Date":"2018-08-03","Article_Number":"102604401","Article_Name":"FIXING","Order_Form_ID":"fe5f9eb5eb1621e288e2a24990905941"},{"Customer_Name":"F","Calendar_week":31,"Amount":1.0,"PickAndPay":0,"Revenue":197.86,"Invoice_Date":"2018-08-03","Article_Number":"118308700","Article_Name":"PACKING CHARGES (CARTON) 330X163X172 MM","Order_Form_ID":"fe5f9eb5eb1621e288e2a24990905941"},{"Customer_Name":"F","Calendar_week":32,"Amount":9.0,"PickAndPay":0,"Revenue":43743.67,"Invoice_Date":"2018-08-10","Article_Number":"105303965","Article_Name":"DISC CUT KNIFE 240X1,2\/0,35MM,20°","Order_Form_ID":"7dfd6bef039c36871a25a56ec5fd5a75"},{"Customer_Name":"F","Calendar_week":32,"Amount":48.0,"PickAndPay":0,"Revenue":56643.44,"Invoice_Date":"2018-08-10","Article_Number":"105406991","Article_Name":"GRINDING WHEEL 50X11X19MM","Order_Form_ID":"7dfd6bef039c36871a25a56ec5fd5a75"},{"Customer_Name":"F","Calendar_week":32,"Amount":11.0,"PickAndPay":0,"Revenue":53464.18,"Invoice_Date":"2018-08-10","Article_Number":"105303965","Article_Name":"DISC CUT KNIFE 240X1,2\/0,35MM,20°","Order_Form_ID":"7dfd6bef039c36871a25a56ec5fd5a75"},{"Customer_Name":"F","Calendar_week":32,"Amount":300.0,"PickAndPay":0,"Revenue":5129.29,"Invoice_Date":"2018-08-10","Article_Number":"107254210","Article_Name":"FELT 46X35X10MM","Order_Form_ID":"7dfd6bef039c36871a25a56ec5fd5a75"},{"Customer_Name":"F","Calendar_week":32,"Amount":2.0,"PickAndPay":0,"Revenue":395.72,"Invoice_Date":"2018-08-10","Article_Number":"110991003","Article_Name":"PACKING CHARGES (CARTON) 360X360X250","Order_Form_ID":"7dfd6bef039c36871a25a56ec5fd5a75"},{"Customer_Name":"F","Calendar_week":34,"Amount":2.0,"PickAndPay":0,"Revenue":33759.35,"Invoice_Date":"2018-08-22","Article_Number":"851017424","Article_Name":"HYDRAULIC CYLINDER 40X140-M14X1,5","Order_Form_ID":"8b669c9f3a6afbb8acaa258bec928b16"},{"Customer_Name":"F","Calendar_week":34,"Amount":1.0,"PickAndPay":0,"Revenue":197.86,"Invoice_Date":"2018-08-22","Article_Number":"118308700","Article_Name":"PACKING CHARGES (CARTON) 330X163X172 MM","Order_Form_ID":"8b669c9f3a6afbb8acaa258bec928b16"},{"Customer_Name":"F","Calendar_week":39,"Amount":2.0,"PickAndPay":0,"Revenue":259688.12,"Invoice_Date":"2018-09-26","Article_Number":"151128613","Article_Name":"BHS KNIFE SET AB-2500","Order_Form_ID":"342bfe41130f9925af51db152136b48a"},{"Customer_Name":"F","Calendar_week":39,"Amount":4.0,"PickAndPay":0,"Revenue":987.11,"Invoice_Date":"2018-09-26","Article_Number":"121606100","Article_Name":"RETURN SPRING","Order_Form_ID":"342bfe41130f9925af51db152136b48a"},{"Customer_Name":"F","Calendar_week":39,"Amount":1.0,"PickAndPay":0,"Revenue":1374.04,"Invoice_Date":"2018-09-26","Article_Number":"V00000007","Article_Name":"PACKING CHARGES (BOX) 2670X100X110MM","Order_Form_ID":"342bfe41130f9925af51db152136b48a"},{"Customer_Name":"F","Calendar_week":39,"Amount":1.0,"PickAndPay":0,"Revenue":197.86,"Invoice_Date":"2018-09-26","Article_Number":"110991000","Article_Name":"PACKING CHARGES (CARTON) 200X200X80","Order_Form_ID":"342bfe41130f9925af51db152136b48a"},{"Customer_Name":"F","Calendar_week":39,"Amount":1.0,"PickAndPay":0,"Revenue":32012.94,"Invoice_Date":"2018-09-28","Article_Number":"118664601","Article_Name":"SERVOMOTOR 2,8KW\/7,5NM\/3252U\/MIN","Order_Form_ID":"679fa56429d226db27f9955f08f34552"},{"Customer_Name":"F","Calendar_week":39,"Amount":1.0,"PickAndPay":0,"Revenue":197.86,"Invoice_Date":"2018-09-28","Article_Number":"110991003","Article_Name":"PACKING CHARGES (CARTON) 360X360X250","Order_Form_ID":"679fa56429d226db27f9955f08f34552"},{"Customer_Name":"F","Calendar_week":41,"Amount":50.0,"PickAndPay":0,"Revenue":20016.47,"Invoice_Date":"2018-10-08","Article_Number":"107440100","Article_Name":"NAP FOIL 120 MM BR\/25 M","Order_Form_ID":"ff650c66fd52b02472d36021a13372ea"},{"Customer_Name":"F","Calendar_week":41,"Amount":1.0,"PickAndPay":0,"Revenue":197.86,"Invoice_Date":"2018-10-08","Article_Number":"110991002","Article_Name":"PACKING CHARGES (CARTON) 300X300X200","Order_Form_ID":"ff650c66fd52b02472d36021a13372ea"},{"Customer_Name":"F","Calendar_week":43,"Amount":1.0,"PickAndPay":0,"Revenue":14279.3,"Invoice_Date":"2018-10-26","Article_Number":"117463500","Article_Name":"BEARINGS AND ACCESSORIES","Order_Form_ID":"d3da98e8e437797134564eea22e8c835"},{"Customer_Name":"F","Calendar_week":43,"Amount":1.0,"PickAndPay":0,"Revenue":14271.61,"Invoice_Date":"2018-10-26","Article_Number":"117463501","Article_Name":"BEARINGS AND ACCESSORIES","Order_Form_ID":"d3da98e8e437797134564eea22e8c835"},{"Customer_Name":"F","Calendar_week":43,"Amount":1.0,"PickAndPay":0,"Revenue":223370.59,"Invoice_Date":"2018-10-26","Article_Number":"159030529","Article_Name":"APPLICATOR ROLL AB 2500","Order_Form_ID":"d3da98e8e437797134564eea22e8c835"},{"Customer_Name":"F","Calendar_week":43,"Amount":1.0,"PickAndPay":0,"Revenue":7694.63,"Invoice_Date":"2018-10-26","Article_Number":"V00000018","Article_Name":"PACKING CHARGES (BOX) 3450X530X630MM","Order_Form_ID":"d3da98e8e437797134564eea22e8c835"},{"Customer_Name":"F","Calendar_week":43,"Amount":1.0,"PickAndPay":0,"Revenue":197.86,"Invoice_Date":"2018-10-26","Article_Number":"118308700","Article_Name":"PACKING CHARGES (CARTON) 330X163X172 MM","Order_Form_ID":"d3da98e8e437797134564eea22e8c835"},{"Customer_Name":"F","Calendar_week":43,"Amount":1.0,"PickAndPay":0,"Revenue":77057.55,"Invoice_Date":"2018-10-26","Article_Number":"117352800","Article_Name":"GUIDE ROLL 145X2550\/2570","Order_Form_ID":"f9163e97e5dcc0d4910e2a972edea1ac"},{"Customer_Name":"F","Calendar_week":43,"Amount":2.0,"PickAndPay":0,"Revenue":16037.25,"Invoice_Date":"2018-10-26","Article_Number":"102633200","Article_Name":"ADAPTER 75\/45X306","Order_Form_ID":"f9163e97e5dcc0d4910e2a972edea1ac"},{"Customer_Name":"F","Calendar_week":43,"Amount":1.0,"PickAndPay":0,"Revenue":1923.66,"Invoice_Date":"2018-10-26","Article_Number":"V00000002","Article_Name":"PACKING CHARGES (BOX) 3100X240X330MM","Order_Form_ID":"f9163e97e5dcc0d4910e2a972edea1ac"},{"Customer_Name":"F","Calendar_week":44,"Amount":3.0,"PickAndPay":0,"Revenue":3832.47,"Invoice_Date":"2018-11-01","Article_Number":"151395410","Article_Name":"CABLE, PIECES 2POL BU M8 3POL STECKER 0,","Order_Form_ID":"5a8b634ea68e8f128f6193cfc0aaf044"},{"Customer_Name":"F","Calendar_week":44,"Amount":1.0,"PickAndPay":0,"Revenue":197.86,"Invoice_Date":"2018-11-01","Article_Number":"110991000","Article_Name":"PACKING CHARGES (CARTON) 200X200X80","Order_Form_ID":"5a8b634ea68e8f128f6193cfc0aaf044"},{"Customer_Name":"F","Calendar_week":44,"Amount":1.0,"PickAndPay":0,"Revenue":2684.87,"Invoice_Date":"2018-11-02","Article_Number":"184289.02","Article_Name":"SCRAPER BLADE 2525X50X1,25","Order_Form_ID":"1d4b339961c9242a17f65448f5902c97"},{"Customer_Name":"F","Calendar_week":44,"Amount":2.0,"PickAndPay":0,"Revenue":6991.67,"Invoice_Date":"2018-11-02","Article_Number":"129424200","Article_Name":"SCRAPER 60X1,5X2555","Order_Form_ID":"1d4b339961c9242a17f65448f5902c97"},{"Customer_Name":"F","Calendar_week":44,"Amount":1.0,"PickAndPay":0,"Revenue":197.86,"Invoice_Date":"2018-11-02","Article_Number":"110991008","Article_Name":"PACKING CHARGES (CARTON) 720X720X70","Order_Form_ID":"1d4b339961c9242a17f65448f5902c97"},{"Customer_Name":"F","Calendar_week":44,"Amount":1.0,"PickAndPay":0,"Revenue":38643.23,"Invoice_Date":"2018-11-02","Article_Number":"306105","Article_Name":"BEARING BUSH D220X185","Order_Form_ID":"544215be6e05c622a9284763fd298a45"},{"Customer_Name":"F","Calendar_week":44,"Amount":1.0,"PickAndPay":0,"Revenue":39153.55,"Invoice_Date":"2018-11-02","Article_Number":"306104.10","Article_Name":"BEARING BUSH D216X185","Order_Form_ID":"544215be6e05c622a9284763fd298a45"},{"Customer_Name":"F","Calendar_week":44,"Amount":1.0,"PickAndPay":0,"Revenue":2473.27,"Invoice_Date":"2018-11-02","Article_Number":"V00000012","Article_Name":"PACKING CHARGES (BOX) 790X380X380MM","Order_Form_ID":"544215be6e05c622a9284763fd298a45"},{"Customer_Name":"F","Calendar_week":45,"Amount":1.0,"PickAndPay":0,"Revenue":93887.07,"Invoice_Date":"2018-11-05","Article_Number":"102676026","Article_Name":"DOCTOR ROLL AB 2500","Order_Form_ID":"97bcc1e2caa3ea7301d8805af0a4b582"},{"Customer_Name":"F","Calendar_week":45,"Amount":1.0,"PickAndPay":0,"Revenue":143127.18,"Invoice_Date":"2018-11-05","Article_Number":"159030530","Article_Name":"APPLICATOR ROLL AB 2500","Order_Form_ID":"97bcc1e2caa3ea7301d8805af0a4b582"},{"Customer_Name":"F","Calendar_week":45,"Amount":1.0,"PickAndPay":0,"Revenue":16049.62,"Invoice_Date":"2018-11-05","Article_Number":"117463500","Article_Name":"BEARINGS AND ACCESSORIES","Order_Form_ID":"97bcc1e2caa3ea7301d8805af0a4b582"},{"Customer_Name":"F","Calendar_week":45,"Amount":1.0,"PickAndPay":0,"Revenue":15591.51,"Invoice_Date":"2018-11-05","Article_Number":"117463501","Article_Name":"BEARINGS AND ACCESSORIES","Order_Form_ID":"97bcc1e2caa3ea7301d8805af0a4b582"},{"Customer_Name":"F","Calendar_week":45,"Amount":1.0,"PickAndPay":0,"Revenue":20072.26,"Invoice_Date":"2018-11-05","Article_Number":"170583926","Article_Name":"SCRAPER AB 2500","Order_Form_ID":"97bcc1e2caa3ea7301d8805af0a4b582"},{"Customer_Name":"F","Calendar_week":45,"Amount":1.0,"PickAndPay":0,"Revenue":1996.76,"Invoice_Date":"2018-11-05","Article_Number":"163600425","Article_Name":"SCRAPER BLADE 2560X50X1,5","Order_Form_ID":"97bcc1e2caa3ea7301d8805af0a4b582"},{"Customer_Name":"F","Calendar_week":45,"Amount":1.0,"PickAndPay":0,"Revenue":7694.63,"Invoice_Date":"2018-11-05","Article_Number":"V00000018","Article_Name":"PACKING CHARGES (BOX) 3450X530X630MM","Order_Form_ID":"97bcc1e2caa3ea7301d8805af0a4b582"},{"Customer_Name":"F","Calendar_week":45,"Amount":1.0,"PickAndPay":0,"Revenue":7694.63,"Invoice_Date":"2018-11-05","Article_Number":"V00000011","Article_Name":"PACKING CHARGES (BOX) 3800X280X410MM","Order_Form_ID":"97bcc1e2caa3ea7301d8805af0a4b582"},{"Customer_Name":"F","Calendar_week":45,"Amount":1.0,"PickAndPay":0,"Revenue":1923.66,"Invoice_Date":"2018-11-05","Article_Number":"V00000001","Article_Name":"PACKING CHARGES (BOX) 3100X140X230MM","Order_Form_ID":"97bcc1e2caa3ea7301d8805af0a4b582"},{"Customer_Name":"F","Calendar_week":45,"Amount":1.0,"PickAndPay":0,"Revenue":197.86,"Invoice_Date":"2018-11-05","Article_Number":"110991002","Article_Name":"PACKING CHARGES (CARTON) 300X300X200","Order_Form_ID":"97bcc1e2caa3ea7301d8805af0a4b582"},{"Customer_Name":"F","Calendar_week":45,"Amount":1.0,"PickAndPay":0,"Revenue":16930.65,"Invoice_Date":"2018-11-06","Article_Number":"170583926","Article_Name":"SCRAPER AB 2500","Order_Form_ID":"f99ad3530453a74d721ed5935df838b9"},{"Customer_Name":"F","Calendar_week":45,"Amount":1.0,"PickAndPay":0,"Revenue":1374.04,"Invoice_Date":"2018-11-06","Article_Number":"V00000008","Article_Name":"PACKING CHARGES (BOX) 2970X100X110MM","Order_Form_ID":"f99ad3530453a74d721ed5935df838b9"},{"Customer_Name":"F","Calendar_week":45,"Amount":1.0,"PickAndPay":0,"Revenue":197.86,"Invoice_Date":"2018-11-06","Article_Number":"110991000","Article_Name":"PACKING CHARGES (CARTON) 200X200X80","Order_Form_ID":"f99ad3530453a74d721ed5935df838b9"},{"Customer_Name":"F","Calendar_week":46,"Amount":1.0,"PickAndPay":0,"Revenue":9943.38,"Invoice_Date":"2018-11-15","Article_Number":"189633002","Article_Name":"EJECTOR DISK RD 240 X 23","Order_Form_ID":"7c9b7f8efa30676350167b8a7a259c9d"},{"Customer_Name":"F","Calendar_week":46,"Amount":2.0,"PickAndPay":0,"Revenue":26887.77,"Invoice_Date":"2018-11-15","Article_Number":"147427820","Article_Name":"CASE RD126X106","Order_Form_ID":"7c9b7f8efa30676350167b8a7a259c9d"},{"Customer_Name":"F","Calendar_week":46,"Amount":1.0,"PickAndPay":0,"Revenue":197.86,"Invoice_Date":"2018-11-15","Article_Number":"110991002","Article_Name":"PACKING CHARGES (CARTON) 300X300X200","Order_Form_ID":"7c9b7f8efa30676350167b8a7a259c9d"},{"Customer_Name":"F","Calendar_week":47,"Amount":1.0,"PickAndPay":0,"Revenue":10313.27,"Invoice_Date":"2018-11-21","Article_Number":"189633002","Article_Name":"EJECTOR DISK RD 240 X 23","Order_Form_ID":"e6240592b5754991190ab5c5518ac9a6"},{"Customer_Name":"F","Calendar_week":47,"Amount":1.0,"PickAndPay":0,"Revenue":197.86,"Invoice_Date":"2018-11-21","Article_Number":"110991002","Article_Name":"PACKING CHARGES (CARTON) 300X300X200","Order_Form_ID":"e6240592b5754991190ab5c5518ac9a6"},{"Customer_Name":"F","Calendar_week":49,"Amount":1.0,"PickAndPay":0,"Revenue":27402.49,"Invoice_Date":"2018-12-03","Article_Number":"600771","Article_Name":"PUMP 380-480V,50-60H","Order_Form_ID":"e3e79ab2462a47e5df11b955c2218c65"},{"Customer_Name":"F","Calendar_week":49,"Amount":1.0,"PickAndPay":0,"Revenue":46628.06,"Invoice_Date":"2018-12-03","Article_Number":"107214603","Article_Name":"PUMP","Order_Form_ID":"e3e79ab2462a47e5df11b955c2218c65"},{"Customer_Name":"F","Calendar_week":49,"Amount":2.0,"PickAndPay":0,"Revenue":8399.23,"Invoice_Date":"2018-12-03","Article_Number":"128290900","Article_Name":"BRUSH HB=31 X 2000","Order_Form_ID":"e3e79ab2462a47e5df11b955c2218c65"},{"Customer_Name":"F","Calendar_week":49,"Amount":1.0,"PickAndPay":0,"Revenue":1126.71,"Invoice_Date":"2018-12-03","Article_Number":"110680400","Article_Name":"PACKING CHARGES (PAL-BOX I) 830X580X680","Order_Form_ID":"e3e79ab2462a47e5df11b955c2218c65"},{"Customer_Name":"F","Calendar_week":49,"Amount":1.0,"PickAndPay":0,"Revenue":1374.04,"Invoice_Date":"2018-12-03","Article_Number":"V00000009","Article_Name":"PACKING CHARGES (BOX) 2080X120X120MM","Order_Form_ID":"e3e79ab2462a47e5df11b955c2218c65"},{"Customer_Name":"F","Calendar_week":49,"Amount":4.0,"PickAndPay":0,"Revenue":3421.09,"Invoice_Date":"2018-12-05","Article_Number":"553374","Article_Name":"SEALING ELEMENT RAD.288.5X260","Order_Form_ID":"58840c12f0a40083deb74f6b326c1236"},{"Customer_Name":"F","Calendar_week":49,"Amount":1.0,"PickAndPay":0,"Revenue":197.86,"Invoice_Date":"2018-12-05","Article_Number":"118308700","Article_Name":"PACKING CHARGES (CARTON) 330X163X172 MM","Order_Form_ID":"58840c12f0a40083deb74f6b326c1236"},{"Customer_Name":"F","Calendar_week":49,"Amount":30.0,"PickAndPay":1,"Revenue":504.55,"Invoice_Date":"2018-12-06","Article_Number":"107254210","Article_Name":"FELT 46X35X10MM","Order_Form_ID":"41976acd332c071961e27c81ee0c8892"},{"Customer_Name":"F","Calendar_week":50,"Amount":1.0,"PickAndPay":0,"Revenue":10106.34,"Invoice_Date":"2018-12-11","Article_Number":"189633002","Article_Name":"EJECTOR DISK RD 240 X 23","Order_Form_ID":"33164397ed8fbf6a87cf2088872c476b"},{"Customer_Name":"F","Calendar_week":50,"Amount":1.0,"PickAndPay":0,"Revenue":197.86,"Invoice_Date":"2018-12-11","Article_Number":"118308700","Article_Name":"PACKING CHARGES (CARTON) 330X163X172 MM","Order_Form_ID":"33164397ed8fbf6a87cf2088872c476b"},{"Customer_Name":"F","Calendar_week":51,"Amount":1.0,"PickAndPay":0,"Revenue":3825.6,"Invoice_Date":"2018-12-17","Article_Number":"103589400","Article_Name":"TOOTHED BELT WHEEL 10X24X24H7X40","Order_Form_ID":"86ae504f838546f4efebafc32379ed9c"},{"Customer_Name":"F","Calendar_week":51,"Amount":1.0,"PickAndPay":0,"Revenue":197.86,"Invoice_Date":"2018-12-17","Article_Number":"110991000","Article_Name":"PACKING CHARGES (CARTON) 200X200X80","Order_Form_ID":"86ae504f838546f4efebafc32379ed9c"},{"Customer_Name":"F","Calendar_week":1,"Amount":1.0,"PickAndPay":0,"Revenue":9873.03,"Invoice_Date":"2019-01-02","Article_Number":"189633002","Article_Name":"EJECTOR DISK RD 240 X 23","Order_Form_ID":"d2ecf0eb9b51735791a495263cfd92bb"},{"Customer_Name":"F","Calendar_week":1,"Amount":1.0,"PickAndPay":0,"Revenue":16926.25,"Invoice_Date":"2019-01-02","Article_Number":"851002170","Article_Name":"COMPRESSED-AIR MOTOR","Order_Form_ID":"d2ecf0eb9b51735791a495263cfd92bb"},{"Customer_Name":"F","Calendar_week":1,"Amount":1.0,"PickAndPay":0,"Revenue":4518.39,"Invoice_Date":"2019-01-02","Article_Number":"102604401","Article_Name":"FIXING","Order_Form_ID":"d2ecf0eb9b51735791a495263cfd92bb"},{"Customer_Name":"F","Calendar_week":1,"Amount":1.0,"PickAndPay":0,"Revenue":197.86,"Invoice_Date":"2019-01-02","Article_Number":"110991002","Article_Name":"PACKING CHARGES (CARTON) 300X300X200","Order_Form_ID":"d2ecf0eb9b51735791a495263cfd92bb"},{"Customer_Name":"F","Calendar_week":2,"Amount":4.0,"PickAndPay":0,"Revenue":9698.25,"Invoice_Date":"2019-01-08","Article_Number":"197617300","Article_Name":"PROXIMITY SWITCH 10-30VDC\/PNP\/4MM","Order_Form_ID":"8ae52718dafa998cf0c84f040ed8b2d4"},{"Customer_Name":"F","Calendar_week":2,"Amount":2.0,"PickAndPay":0,"Revenue":4949.29,"Invoice_Date":"2019-01-08","Article_Number":"197617200","Article_Name":"PROXIMITY SWITCH 10-30VDC\/PNP\/NPN\/4MM","Order_Form_ID":"8ae52718dafa998cf0c84f040ed8b2d4"},{"Customer_Name":"F","Calendar_week":2,"Amount":1.0,"PickAndPay":0,"Revenue":197.86,"Invoice_Date":"2019-01-08","Article_Number":"110991000","Article_Name":"PACKING CHARGES (CARTON) 200X200X80","Order_Form_ID":"8ae52718dafa998cf0c84f040ed8b2d4"},{"Customer_Name":"F","Calendar_week":2,"Amount":12.0,"PickAndPay":0,"Revenue":58721.81,"Invoice_Date":"2019-01-11","Article_Number":"105303965","Article_Name":"DISC CUT KNIFE 240X1,2\/0,35MM,20°","Order_Form_ID":"ac33d732cfef4c71464690b00f580e1d"},{"Customer_Name":"F","Calendar_week":2,"Amount":1.0,"PickAndPay":0,"Revenue":197.86,"Invoice_Date":"2019-01-11","Article_Number":"110991003","Article_Name":"PACKING CHARGES (CARTON) 360X360X250","Order_Form_ID":"ac33d732cfef4c71464690b00f580e1d"},{"Customer_Name":"F","Calendar_week":4,"Amount":1.0,"PickAndPay":0,"Revenue":2290.8,"Invoice_Date":"2019-01-25","Article_Number":"162372800","Article_Name":"EMERGENCY STOP MODULE 24VDC 5S\/1Ö","Order_Form_ID":"a3317559a885054206fd3e89a446027f"},{"Customer_Name":"F","Calendar_week":4,"Amount":1.0,"PickAndPay":0,"Revenue":197.86,"Invoice_Date":"2019-01-25","Article_Number":"110991000","Article_Name":"PACKING CHARGES (CARTON) 200X200X80","Order_Form_ID":"a3317559a885054206fd3e89a446027f"},{"Customer_Name":"F","Calendar_week":5,"Amount":1.0,"PickAndPay":0,"Revenue":6682.23,"Invoice_Date":"2019-01-29","Article_Number":"155470321","Article_Name":"EMERGENCY STOP MODULE 24 VDC 3Q","Order_Form_ID":"e71ec42046689a2ab6df7d1e5b8747a3"},{"Customer_Name":"F","Calendar_week":5,"Amount":1.0,"PickAndPay":0,"Revenue":197.86,"Invoice_Date":"2019-01-29","Article_Number":"110991000","Article_Name":"PACKING CHARGES (CARTON) 200X200X80","Order_Form_ID":"e71ec42046689a2ab6df7d1e5b8747a3"},{"Customer_Name":"F","Calendar_week":7,"Amount":1.0,"PickAndPay":1,"Revenue":44747.55,"Invoice_Date":"2019-02-14","Article_Number":"BSP3000100","Article_Name":"PICK&PAY","Order_Form_ID":"a4a4169d1017616e1efc5c8fcc18d131"},{"Customer_Name":"F","Calendar_week":7,"Amount":10.0,"PickAndPay":0,"Revenue":48788.05,"Invoice_Date":"2019-02-15","Article_Number":"105303965","Article_Name":"DISC CUT KNIFE 240X1,2\/0,35MM,20°","Order_Form_ID":"fd2827bf2f1165fa3ae924d9e0a3a7f0"},{"Customer_Name":"F","Calendar_week":7,"Amount":50.0,"PickAndPay":0,"Revenue":19610.03,"Invoice_Date":"2019-02-15","Article_Number":"107440100","Article_Name":"NAP FOIL 120 MM BR\/25 M","Order_Form_ID":"fd2827bf2f1165fa3ae924d9e0a3a7f0"},{"Customer_Name":"F","Calendar_week":7,"Amount":1.0,"PickAndPay":0,"Revenue":197.86,"Invoice_Date":"2019-02-15","Article_Number":"110991003","Article_Name":"PACKING CHARGES (CARTON) 360X360X250","Order_Form_ID":"fd2827bf2f1165fa3ae924d9e0a3a7f0"},{"Customer_Name":"F","Calendar_week":8,"Amount":4.0,"PickAndPay":0,"Revenue":1700.24,"Invoice_Date":"2019-02-19","Article_Number":"126292402","Article_Name":"BRUSH ROLL SEGMENT 300X203X216MM","Order_Form_ID":"047371f18fc01615fcc14bc6ba8fe778"},{"Customer_Name":"F","Calendar_week":8,"Amount":1.0,"PickAndPay":0,"Revenue":412.21,"Invoice_Date":"2019-02-19","Article_Number":"V00000014","Article_Name":"PACKING CHARGES (CARDBOARD PALLET) 610X4","Order_Form_ID":"047371f18fc01615fcc14bc6ba8fe778"},{"Customer_Name":"F","Calendar_week":8,"Amount":24.0,"PickAndPay":0,"Revenue":119587.95,"Invoice_Date":"2019-02-19","Article_Number":"126292402","Article_Name":"BRUSH ROLL SEGMENT 300X203X216MM","Order_Form_ID":"2a8781c32a66c9bb5f9bef30b7587a5c"},{"Customer_Name":"F","Calendar_week":8,"Amount":1.0,"PickAndPay":0,"Revenue":1126.71,"Invoice_Date":"2019-02-19","Article_Number":"110680200","Article_Name":"PACKING CHARGES (PAL-BOX II) 1070X710X52","Order_Form_ID":"2a8781c32a66c9bb5f9bef30b7587a5c"},{"Customer_Name":"F","Calendar_week":8,"Amount":4.0,"PickAndPay":0,"Revenue":19154.12,"Invoice_Date":"2019-02-19","Article_Number":"126292402","Article_Name":"BRUSH ROLL SEGMENT 300X203X216MM","Order_Form_ID":"2fd067e9f5088cc5a1cc4b2afe2fe098"},{"Customer_Name":"F","Calendar_week":8,"Amount":1.0,"PickAndPay":0,"Revenue":1559.81,"Invoice_Date":"2019-02-20","Article_Number":"601135","Article_Name":"GLUE 1PC=1L","Order_Form_ID":"c9bb9b2890ad60e641490b0a4d528f28"},{"Customer_Name":"F","Calendar_week":8,"Amount":1.0,"PickAndPay":0,"Revenue":197.86,"Invoice_Date":"2019-02-20","Article_Number":"110991001","Article_Name":"PACKING CHARGES (CARTON) 200X200X150","Order_Form_ID":"c9bb9b2890ad60e641490b0a4d528f28"},{"Customer_Name":"F","Calendar_week":8,"Amount":24.0,"PickAndPay":0,"Revenue":28763.34,"Invoice_Date":"2019-02-20","Article_Number":"105406991","Article_Name":"GRINDING WHEEL 50X11X19MM","Order_Form_ID":"302aafc9e44157bbaa08cf2936095706"},{"Customer_Name":"F","Calendar_week":8,"Amount":1.0,"PickAndPay":0,"Revenue":197.86,"Invoice_Date":"2019-02-20","Article_Number":"110991001","Article_Name":"PACKING CHARGES (CARTON) 200X200X150","Order_Form_ID":"302aafc9e44157bbaa08cf2936095706"},{"Customer_Name":"F","Calendar_week":9,"Amount":1.0,"PickAndPay":0,"Revenue":12623.86,"Invoice_Date":"2019-02-26","Article_Number":"129558800","Article_Name":"BUSH 100\/165 X 65","Order_Form_ID":"9b7e8f8e474628ca85120f15efa17bb0"},{"Customer_Name":"F","Calendar_week":9,"Amount":2.0,"PickAndPay":0,"Revenue":967.6,"Invoice_Date":"2019-02-26","Article_Number":"128355700","Article_Name":"GUIDE RING 100X 95X 9,7","Order_Form_ID":"9b7e8f8e474628ca85120f15efa17bb0"},{"Customer_Name":"F","Calendar_week":9,"Amount":1.0,"PickAndPay":0,"Revenue":197.86,"Invoice_Date":"2019-02-26","Article_Number":"110991000","Article_Name":"PACKING CHARGES (CARTON) 200X200X80","Order_Form_ID":"9b7e8f8e474628ca85120f15efa17bb0"},{"Customer_Name":"F","Calendar_week":10,"Amount":1.0,"PickAndPay":0,"Revenue":35792.93,"Invoice_Date":"2019-03-05","Article_Number":"119517718","Article_Name":"SERVO CONTROLLER 3A\/380-480V\/2.1KW","Order_Form_ID":"f6f8172ca1032281f6e5a5b2a88d419d"},{"Customer_Name":"F","Calendar_week":10,"Amount":1.0,"PickAndPay":0,"Revenue":197.86,"Invoice_Date":"2019-03-05","Article_Number":"110991004","Article_Name":"PACKING CHARGES (CARTON) 610X410X230","Order_Form_ID":"f6f8172ca1032281f6e5a5b2a88d419d"},{"Customer_Name":"F","Calendar_week":13,"Amount":1.0,"PickAndPay":0,"Revenue":6976.28,"Invoice_Date":"2019-03-26","Article_Number":"601156.20","Article_Name":"BELLOWS CYLINDER 114-M8 DW Ø152 MAX-H=21","Order_Form_ID":"75f54c1e1b9285ecb25d744ecc97b6e7"},{"Customer_Name":"F","Calendar_week":13,"Amount":1.0,"PickAndPay":0,"Revenue":197.86,"Invoice_Date":"2019-03-26","Article_Number":"110991001","Article_Name":"PACKING CHARGES (CARTON) 200X200X150","Order_Form_ID":"75f54c1e1b9285ecb25d744ecc97b6e7"},{"Customer_Name":"F","Calendar_week":13,"Amount":3.0,"PickAndPay":0,"Revenue":5794.6,"Invoice_Date":"2019-03-26","Article_Number":"243059951","Article_Name":"CABLE, PIECES 0,5M","Order_Form_ID":"fcad70a7e0f5cefa6597f753d676ff08"},{"Customer_Name":"F","Calendar_week":13,"Amount":1.0,"PickAndPay":0,"Revenue":197.86,"Invoice_Date":"2019-03-26","Article_Number":"110991000","Article_Name":"PACKING CHARGES (CARTON) 200X200X80","Order_Form_ID":"fcad70a7e0f5cefa6597f753d676ff08"},{"Customer_Name":"F","Calendar_week":13,"Amount":1.0,"PickAndPay":0,"Revenue":15781.4,"Invoice_Date":"2019-03-26","Article_Number":"120855210","Article_Name":"CHAIN L=10271","Order_Form_ID":"eb4e17f37b5c02afa8fb2c851399a6c4"},{"Customer_Name":"F","Calendar_week":13,"Amount":1.0,"PickAndPay":0,"Revenue":197.86,"Invoice_Date":"2019-03-26","Article_Number":"110991004","Article_Name":"PACKING CHARGES (CARTON) 610X410X230","Order_Form_ID":"eb4e17f37b5c02afa8fb2c851399a6c4"},{"Customer_Name":"F","Calendar_week":13,"Amount":400.0,"PickAndPay":0,"Revenue":7580.31,"Invoice_Date":"2019-03-29","Article_Number":"107254210","Article_Name":"FELT 46X35X10MM","Order_Form_ID":"4d0d35ca5392af32add2c59976e6dd21"},{"Customer_Name":"F","Calendar_week":13,"Amount":1.0,"PickAndPay":0,"Revenue":197.86,"Invoice_Date":"2019-03-29","Article_Number":"110991002","Article_Name":"PACKING CHARGES (CARTON) 300X300X200","Order_Form_ID":"4d0d35ca5392af32add2c59976e6dd21"},{"Customer_Name":"F","Calendar_week":13,"Amount":10.0,"PickAndPay":0,"Revenue":2836.57,"Invoice_Date":"2019-03-29","Article_Number":"276724601","Article_Name":"SAFETY BIT M6 1\/4\" L=25","Order_Form_ID":"1dfae6389b94d42f652ebb33ecc74e0c"},{"Customer_Name":"F","Calendar_week":13,"Amount":1.0,"PickAndPay":0,"Revenue":197.86,"Invoice_Date":"2019-03-29","Article_Number":"110991000","Article_Name":"PACKING CHARGES (CARTON) 200X200X80","Order_Form_ID":"1dfae6389b94d42f652ebb33ecc74e0c"},{"Customer_Name":"F","Calendar_week":14,"Amount":2.0,"PickAndPay":0,"Revenue":38836.42,"Invoice_Date":"2019-04-01","Article_Number":"103414200","Article_Name":"GUIDE 80X40X500","Order_Form_ID":"50d870cc30a1a74335e342aee7bd7070"},{"Customer_Name":"F","Calendar_week":14,"Amount":1.0,"PickAndPay":0,"Revenue":197.86,"Invoice_Date":"2019-04-01","Article_Number":"110991006","Article_Name":"PACKING CHARGES (CARTON) 700X200X200","Order_Form_ID":"50d870cc30a1a74335e342aee7bd7070"},{"Customer_Name":"F","Calendar_week":16,"Amount":1.0,"PickAndPay":0,"Revenue":5747.89,"Invoice_Date":"2019-04-15","Article_Number":"105207600","Article_Name":"TOOTHED BELT AT 50X10X2240","Order_Form_ID":"4552483e418695635aa8a756bb83c053"},{"Customer_Name":"F","Calendar_week":16,"Amount":1.0,"PickAndPay":0,"Revenue":951.11,"Invoice_Date":"2019-04-15","Article_Number":"105450501","Article_Name":"TOOTHED BELT GT 30X 8X1440","Order_Form_ID":"4552483e418695635aa8a756bb83c053"},{"Customer_Name":"F","Calendar_week":16,"Amount":1.0,"PickAndPay":0,"Revenue":4911.92,"Invoice_Date":"2019-04-15","Article_Number":"154344000","Article_Name":"TOOTHED BELT 3970X50  KL3000","Order_Form_ID":"4552483e418695635aa8a756bb83c053"},{"Customer_Name":"F","Calendar_week":16,"Amount":1.0,"PickAndPay":0,"Revenue":4429.63,"Invoice_Date":"2019-04-15","Article_Number":"182384600","Article_Name":"TOOTHED BELT 50 AT10\/2000","Order_Form_ID":"4552483e418695635aa8a756bb83c053"},{"Customer_Name":"F","Calendar_week":16,"Amount":1.0,"PickAndPay":0,"Revenue":4817.66,"Invoice_Date":"2019-04-15","Article_Number":"197650100","Article_Name":"TOOTHED BELT 3950X50  KL3000","Order_Form_ID":"4552483e418695635aa8a756bb83c053"},{"Customer_Name":"F","Calendar_week":16,"Amount":1.0,"PickAndPay":0,"Revenue":2258.1,"Invoice_Date":"2019-04-15","Article_Number":"240692500","Article_Name":"TOOTHED BELT AT 50X10X1480","Order_Form_ID":"4552483e418695635aa8a756bb83c053"},{"Customer_Name":"F","Calendar_week":16,"Amount":1.0,"PickAndPay":0,"Revenue":197.86,"Invoice_Date":"2019-04-15","Article_Number":"110991002","Article_Name":"PACKING CHARGES (CARTON) 300X300X200","Order_Form_ID":"4552483e418695635aa8a756bb83c053"},{"Customer_Name":"F","Calendar_week":16,"Amount":150.0,"PickAndPay":0,"Revenue":3762.4,"Invoice_Date":"2019-04-16","Article_Number":"110591800","Article_Name":"ADJUSTING SCREW M6X10","Order_Form_ID":"8884f6f549ea6daeeecac515947b1d26"},{"Customer_Name":"F","Calendar_week":16,"Amount":1.0,"PickAndPay":0,"Revenue":197.86,"Invoice_Date":"2019-04-16","Article_Number":"110991000","Article_Name":"PACKING CHARGES (CARTON) 200X200X80","Order_Form_ID":"8884f6f549ea6daeeecac515947b1d26"},{"Customer_Name":"F","Calendar_week":16,"Amount":2.0,"PickAndPay":0,"Revenue":259727.14,"Invoice_Date":"2019-04-17","Article_Number":"151128613","Article_Name":"BHS KNIFE SET AB-2500","Order_Form_ID":"975f99321556429fab91048f32b19aed"},{"Customer_Name":"F","Calendar_week":16,"Amount":1.0,"PickAndPay":0,"Revenue":1374.04,"Invoice_Date":"2019-04-17","Article_Number":"V00000007","Article_Name":"PACKING CHARGES (BOX) 2670X100X110MM","Order_Form_ID":"975f99321556429fab91048f32b19aed"},{"Customer_Name":"F","Calendar_week":16,"Amount":1.0,"PickAndPay":0,"Revenue":197.86,"Invoice_Date":"2019-04-17","Article_Number":"110991000","Article_Name":"PACKING CHARGES (CARTON) 200X200X80","Order_Form_ID":"975f99321556429fab91048f32b19aed"},{"Customer_Name":"F","Calendar_week":18,"Amount":4.0,"PickAndPay":0,"Revenue":1515.02,"Invoice_Date":"2019-05-02","Article_Number":"104230500","Article_Name":"FOAM RUBBER 60X12X2600","Order_Form_ID":"ac1d1f517ae8fc9c3b8044b7858989c0"},{"Customer_Name":"F","Calendar_week":18,"Amount":1.0,"PickAndPay":0,"Revenue":10032.42,"Invoice_Date":"2019-05-02","Article_Number":"189633002","Article_Name":"EJECTOR DISK RD 240 X 23","Order_Form_ID":"ac1d1f517ae8fc9c3b8044b7858989c0"},{"Customer_Name":"F","Calendar_week":18,"Amount":1.0,"PickAndPay":0,"Revenue":197.86,"Invoice_Date":"2019-05-02","Article_Number":"110991002","Article_Name":"PACKING CHARGES (CARTON) 300X300X200","Order_Form_ID":"ac1d1f517ae8fc9c3b8044b7858989c0"},{"Customer_Name":"F","Calendar_week":18,"Amount":1.0,"PickAndPay":0,"Revenue":1559.81,"Invoice_Date":"2019-05-02","Article_Number":"601135","Article_Name":"GLUE 1PC=1L","Order_Form_ID":"8e5440ee8a509b63353f6fd6fcbe2e67"},{"Customer_Name":"F","Calendar_week":18,"Amount":1.0,"PickAndPay":0,"Revenue":197.86,"Invoice_Date":"2019-05-02","Article_Number":"110991001","Article_Name":"PACKING CHARGES (CARTON) 200X200X150","Order_Form_ID":"8e5440ee8a509b63353f6fd6fcbe2e67"},{"Customer_Name":"F","Calendar_week":18,"Amount":1.0,"PickAndPay":0,"Revenue":2757.97,"Invoice_Date":"2019-05-02","Article_Number":"197617300","Article_Name":"PROXIMITY SWITCH 10-30VDC\/PNP\/4MM","Order_Form_ID":"c9b6a5f018ce974d4fefae6e02679358"},{"Customer_Name":"F","Calendar_week":18,"Amount":1.0,"PickAndPay":0,"Revenue":197.86,"Invoice_Date":"2019-05-02","Article_Number":"110991000","Article_Name":"PACKING CHARGES (CARTON) 200X200X80","Order_Form_ID":"c9b6a5f018ce974d4fefae6e02679358"},{"Customer_Name":"F","Calendar_week":19,"Amount":2.0,"PickAndPay":0,"Revenue":3449.12,"Invoice_Date":"2019-05-06","Article_Number":"184288.08","Article_Name":"SCRAPER BLADE 2565X50X0,8","Order_Form_ID":"1cd7c2d4599732feec8dba2bfa180193"},{"Customer_Name":"F","Calendar_week":19,"Amount":1.0,"PickAndPay":0,"Revenue":197.86,"Invoice_Date":"2019-05-06","Article_Number":"118308200","Article_Name":"PACKING CHARGES (CARTON) 350X60X350 MM","Order_Form_ID":"1cd7c2d4599732feec8dba2bfa180193"},{"Customer_Name":"F","Calendar_week":19,"Amount":50.0,"PickAndPay":0,"Revenue":19929.63,"Invoice_Date":"2019-05-10","Article_Number":"107440100","Article_Name":"NAP FOIL 120 MM BR\/25 M","Order_Form_ID":"d481cc98ed4e7446b0b818e412df457d"},{"Customer_Name":"F","Calendar_week":19,"Amount":33.0,"PickAndPay":0,"Revenue":5052.9,"Invoice_Date":"2019-05-10","Article_Number":"103373903","Article_Name":"FOIL 70 BR. 0,25 ST","Order_Form_ID":"d481cc98ed4e7446b0b818e412df457d"},{"Customer_Name":"F","Calendar_week":19,"Amount":1.0,"PickAndPay":0,"Revenue":197.86,"Invoice_Date":"2019-05-10","Article_Number":"110991002","Article_Name":"PACKING CHARGES (CARTON) 300X300X200","Order_Form_ID":"d481cc98ed4e7446b0b818e412df457d"},{"Customer_Name":"F","Calendar_week":20,"Amount":4.0,"PickAndPay":0,"Revenue":27765.78,"Invoice_Date":"2019-05-13","Article_Number":"129523200","Article_Name":"ROLL D = 135 X 55","Order_Form_ID":"b2e3dd9a325f0818556b11f29f16b1ac"},{"Customer_Name":"F","Calendar_week":20,"Amount":4.0,"PickAndPay":0,"Revenue":11801.91,"Invoice_Date":"2019-05-13","Article_Number":"136727","Article_Name":"CYLINDRICAL ROLLER BEARING 50X 80X 40","Order_Form_ID":"b2e3dd9a325f0818556b11f29f16b1ac"},{"Customer_Name":"F","Calendar_week":20,"Amount":1.0,"PickAndPay":0,"Revenue":197.86,"Invoice_Date":"2019-05-13","Article_Number":"110991003","Article_Name":"PACKING CHARGES (CARTON) 360X360X250","Order_Form_ID":"b2e3dd9a325f0818556b11f29f16b1ac"},{"Customer_Name":"F","Calendar_week":20,"Amount":1.0,"PickAndPay":0,"Revenue":5733.6,"Invoice_Date":"2019-05-14","Article_Number":"105207600","Article_Name":"TOOTHED BELT AT 50X10X2240","Order_Form_ID":"fdf038bbb8980a73e6694893f0c7da59"},{"Customer_Name":"F","Calendar_week":20,"Amount":1.0,"PickAndPay":0,"Revenue":945.06,"Invoice_Date":"2019-05-14","Article_Number":"105450501","Article_Name":"TOOTHED BELT GT 30X 8X1440","Order_Form_ID":"fdf038bbb8980a73e6694893f0c7da59"},{"Customer_Name":"F","Calendar_week":20,"Amount":1.0,"PickAndPay":0,"Revenue":4416.99,"Invoice_Date":"2019-05-14","Article_Number":"182384600","Article_Name":"TOOTHED BELT 50 AT10\/2000","Order_Form_ID":"fdf038bbb8980a73e6694893f0c7da59"},{"Customer_Name":"F","Calendar_week":20,"Amount":2.0,"PickAndPay":0,"Revenue":9535.29,"Invoice_Date":"2019-05-14","Article_Number":"197650100","Article_Name":"TOOTHED BELT 3950X50  KL3000","Order_Form_ID":"fdf038bbb8980a73e6694893f0c7da59"},{"Customer_Name":"F","Calendar_week":20,"Amount":1.0,"PickAndPay":0,"Revenue":4858.33,"Invoice_Date":"2019-05-14","Article_Number":"154344000","Article_Name":"TOOTHED BELT 3970X50  KL3000","Order_Form_ID":"fdf038bbb8980a73e6694893f0c7da59"},{"Customer_Name":"F","Calendar_week":20,"Amount":1.0,"PickAndPay":0,"Revenue":2248.75,"Invoice_Date":"2019-05-14","Article_Number":"240692500","Article_Name":"TOOTHED BELT AT 50X10X1480","Order_Form_ID":"fdf038bbb8980a73e6694893f0c7da59"},{"Customer_Name":"F","Calendar_week":20,"Amount":1.0,"PickAndPay":0,"Revenue":197.86,"Invoice_Date":"2019-05-14","Article_Number":"110991003","Article_Name":"PACKING CHARGES (CARTON) 360X360X250","Order_Form_ID":"fdf038bbb8980a73e6694893f0c7da59"},{"Customer_Name":"F","Calendar_week":20,"Amount":8.0,"PickAndPay":0,"Revenue":9530.34,"Invoice_Date":"2019-05-14","Article_Number":"233763600","Article_Name":"DOUBLE RAIL 330 LG","Order_Form_ID":"1d3e3c1193fa98c3983badae7d640bef"},{"Customer_Name":"F","Calendar_week":20,"Amount":8.0,"PickAndPay":0,"Revenue":14762.69,"Invoice_Date":"2019-05-14","Article_Number":"233761300","Article_Name":"GUIDE CARRIAGE 107X150","Order_Form_ID":"1d3e3c1193fa98c3983badae7d640bef"},{"Customer_Name":"F","Calendar_week":20,"Amount":1.0,"PickAndPay":0,"Revenue":197.86,"Invoice_Date":"2019-05-14","Article_Number":"110991003","Article_Name":"PACKING CHARGES (CARTON) 360X360X250","Order_Form_ID":"1d3e3c1193fa98c3983badae7d640bef"},{"Customer_Name":"F","Calendar_week":20,"Amount":1.0,"PickAndPay":0,"Revenue":3022.89,"Invoice_Date":"2019-05-14","Article_Number":"P030FR001","Article_Name":"FREIGHT CHARGES","Order_Form_ID":"1d3e3c1193fa98c3983badae7d640bef"},{"Customer_Name":"F","Calendar_week":20,"Amount":1.0,"PickAndPay":0,"Revenue":1372.39,"Invoice_Date":"2019-05-15","Article_Number":"601135","Article_Name":"GLUE 1PC=1L","Order_Form_ID":"65ecf4e84b31c092622d5eecf4abd896"},{"Customer_Name":"F","Calendar_week":20,"Amount":33.0,"PickAndPay":0,"Revenue":5287.31,"Invoice_Date":"2019-05-15","Article_Number":"103373903","Article_Name":"FOIL 70 BR. 0,25 ST","Order_Form_ID":"65ecf4e84b31c092622d5eecf4abd896"},{"Customer_Name":"F","Calendar_week":20,"Amount":1.0,"PickAndPay":0,"Revenue":197.86,"Invoice_Date":"2019-05-15","Article_Number":"118308700","Article_Name":"PACKING CHARGES (CARTON) 330X163X172 MM","Order_Form_ID":"65ecf4e84b31c092622d5eecf4abd896"},{"Customer_Name":"F","Calendar_week":20,"Amount":12.0,"PickAndPay":0,"Revenue":58654.21,"Invoice_Date":"2019-05-17","Article_Number":"105303965","Article_Name":"DISC CUT KNIFE 240X1,2\/0,35MM,20°","Order_Form_ID":"9443c521d4c38c113dd53d86c5a3d7dd"},{"Customer_Name":"F","Calendar_week":20,"Amount":26.0,"PickAndPay":0,"Revenue":30709.53,"Invoice_Date":"2019-05-17","Article_Number":"105406991","Article_Name":"GRINDING WHEEL 50X11X19MM","Order_Form_ID":"9443c521d4c38c113dd53d86c5a3d7dd"},{"Customer_Name":"F","Calendar_week":20,"Amount":1.0,"PickAndPay":0,"Revenue":197.86,"Invoice_Date":"2019-05-17","Article_Number":"110991003","Article_Name":"PACKING CHARGES (CARTON) 360X360X250","Order_Form_ID":"9443c521d4c38c113dd53d86c5a3d7dd"},{"Customer_Name":"F","Calendar_week":21,"Amount":-3.0,"PickAndPay":0,"Revenue":-5395.86,"Invoice_Date":"2019-05-26","Article_Number":"243059951","Article_Name":"CABLE, PIECES 0,5M","Order_Form_ID":"fddb29953fc86616a56ad59fd8c6e730"},{"Customer_Name":"F","Calendar_week":21,"Amount":-1.0,"PickAndPay":0,"Revenue":-197.86,"Invoice_Date":"2019-05-26","Article_Number":"110991000","Article_Name":"PACKING CHARGES (CARTON) 200X200X80","Order_Form_ID":"fddb29953fc86616a56ad59fd8c6e730"},{"Customer_Name":"F","Calendar_week":21,"Amount":-1.0,"PickAndPay":0,"Revenue":-398.75,"Invoice_Date":"2019-05-26","Article_Number":"P030FR001","Article_Name":"FREIGHT CHARGES","Order_Form_ID":"fddb29953fc86616a56ad59fd8c6e730"},{"Customer_Name":"F","Calendar_week":24,"Amount":2.0,"PickAndPay":0,"Revenue":33402.92,"Invoice_Date":"2019-06-11","Article_Number":"851002170","Article_Name":"COMPRESSED-AIR MOTOR","Order_Form_ID":"178b8b26f27da7e2b43db87154b2974b"},{"Customer_Name":"F","Calendar_week":24,"Amount":10.0,"PickAndPay":0,"Revenue":864.27,"Invoice_Date":"2019-06-11","Article_Number":"109286300","Article_Name":"SHIM 36X45X0,1","Order_Form_ID":"178b8b26f27da7e2b43db87154b2974b"},{"Customer_Name":"F","Calendar_week":24,"Amount":1.0,"PickAndPay":0,"Revenue":197.86,"Invoice_Date":"2019-06-11","Article_Number":"118308700","Article_Name":"PACKING CHARGES (CARTON) 330X163X172 MM","Order_Form_ID":"178b8b26f27da7e2b43db87154b2974b"},{"Customer_Name":"F","Calendar_week":24,"Amount":1.0,"PickAndPay":0,"Revenue":412.21,"Invoice_Date":"2019-06-11","Article_Number":"P030FR001","Article_Name":"FREIGHT CHARGES","Order_Form_ID":"178b8b26f27da7e2b43db87154b2974b"},{"Customer_Name":"F","Calendar_week":25,"Amount":1.0,"PickAndPay":0,"Revenue":17381.33,"Invoice_Date":"2019-06-17","Article_Number":"851002170","Article_Name":"COMPRESSED-AIR MOTOR","Order_Form_ID":"6c10a42e621b2022f4bb7db33a0d81c0"},{"Customer_Name":"F","Calendar_week":25,"Amount":5.0,"PickAndPay":0,"Revenue":435.02,"Invoice_Date":"2019-06-17","Article_Number":"109286300","Article_Name":"SHIM 36X45X0,1","Order_Form_ID":"6c10a42e621b2022f4bb7db33a0d81c0"},{"Customer_Name":"F","Calendar_week":25,"Amount":1.0,"PickAndPay":0,"Revenue":197.86,"Invoice_Date":"2019-06-17","Article_Number":"118308700","Article_Name":"PACKING CHARGES (CARTON) 330X163X172 MM","Order_Form_ID":"6c10a42e621b2022f4bb7db33a0d81c0"},{"Customer_Name":"F","Calendar_week":26,"Amount":1.0,"PickAndPay":0,"Revenue":4971.0,"Invoice_Date":"2019-06-25","Article_Number":"102604401","Article_Name":"FIXING","Order_Form_ID":"49a430d590ac226076c9c3a632aa2003"},{"Customer_Name":"F","Calendar_week":26,"Amount":1.0,"PickAndPay":0,"Revenue":197.86,"Invoice_Date":"2019-06-25","Article_Number":"110991000","Article_Name":"PACKING CHARGES (CARTON) 200X200X80","Order_Form_ID":"49a430d590ac226076c9c3a632aa2003"},{"Customer_Name":"F","Calendar_week":26,"Amount":1.0,"PickAndPay":0,"Revenue":17495.11,"Invoice_Date":"2019-06-25","Article_Number":"851002170","Article_Name":"COMPRESSED-AIR MOTOR","Order_Form_ID":"d4e59340b05e3356a7228dc5a84b8606"},{"Customer_Name":"F","Calendar_week":26,"Amount":5.0,"PickAndPay":0,"Revenue":435.57,"Invoice_Date":"2019-06-25","Article_Number":"109286300","Article_Name":"SHIM 36X45X0,1","Order_Form_ID":"d4e59340b05e3356a7228dc5a84b8606"},{"Customer_Name":"F","Calendar_week":26,"Amount":1.0,"PickAndPay":0,"Revenue":197.86,"Invoice_Date":"2019-06-25","Article_Number":"118308700","Article_Name":"PACKING CHARGES (CARTON) 330X163X172 MM","Order_Form_ID":"d4e59340b05e3356a7228dc5a84b8606"},{"Customer_Name":"F","Calendar_week":27,"Amount":1.0,"PickAndPay":0,"Revenue":35703.34,"Invoice_Date":"2019-07-01","Article_Number":"119517718","Article_Name":"SERVO CONTROLLER 3A\/380-480V\/2.1KW","Order_Form_ID":"066e405c67693d980e15df2f39e54bfb"},{"Customer_Name":"F","Calendar_week":27,"Amount":1.0,"PickAndPay":0,"Revenue":197.86,"Invoice_Date":"2019-07-01","Article_Number":"110991004","Article_Name":"PACKING CHARGES (CARTON) 610X410X230","Order_Form_ID":"066e405c67693d980e15df2f39e54bfb"}]}