{"data":[{"Customer_Name":"C","Calendar_week":1,"Amount":1.0,"PickAndPay":0,"Revenue":13851.7,"Invoice_Date":"2016-01-05","Article_Number":"119761650","Article_Name":"BEARINGS AND ACCESSORIES","Order_Form_ID":"21b32479462e60b9b6e8207dd378ceaa"},{"Customer_Name":"C","Calendar_week":1,"Amount":1.0,"PickAndPay":0,"Revenue":13851.7,"Invoice_Date":"2016-01-05","Article_Number":"115975800","Article_Name":"BEARINGS AND ACCESSORIES","Order_Form_ID":"21b32479462e60b9b6e8207dd378ceaa"},{"Customer_Name":"C","Calendar_week":1,"Amount":1.0,"PickAndPay":0,"Revenue":38471.75,"Invoice_Date":"2016-01-05","Article_Number":"101684300","Article_Name":"BALL SCREW KGT-S-3240X2727","Order_Form_ID":"21b32479462e60b9b6e8207dd378ceaa"},{"Customer_Name":"C","Calendar_week":1,"Amount":1.0,"PickAndPay":0,"Revenue":5661.05,"Invoice_Date":"2016-01-05","Article_Number":"P030FR001","Article_Name":"FREIGHT CHARGES","Order_Form_ID":"21b32479462e60b9b6e8207dd378ceaa"},{"Customer_Name":"C","Calendar_week":1,"Amount":1.0,"PickAndPay":0,"Revenue":2308.39,"Invoice_Date":"2016-01-05","Article_Number":"P030PA001","Article_Name":"PACKING","Order_Form_ID":"21b32479462e60b9b6e8207dd378ceaa"},{"Customer_Name":"C","Calendar_week":1,"Amount":25.0,"PickAndPay":1,"Revenue":9320.12,"Invoice_Date":"2016-01-05","Article_Number":"107440100","Article_Name":"NAP FOIL 120 MM BR\/25 M","Order_Form_ID":"5a24c78b5ccfb5575a6bb1a733e2d086"},{"Customer_Name":"C","Calendar_week":1,"Amount":1.0,"PickAndPay":1,"Revenue":289.65,"Invoice_Date":"2016-01-05","Article_Number":"101517100","Article_Name":"TOOTHED BELT HTD 15X 8X1600","Order_Form_ID":"5a24c78b5ccfb5575a6bb1a733e2d086"},{"Customer_Name":"C","Calendar_week":4,"Amount":4.0,"PickAndPay":0,"Revenue":3764.6,"Invoice_Date":"2016-01-25","Article_Number":"104230500","Article_Name":"FOAM RUBBER 60X12X2600","Order_Form_ID":"d0eef720c6f836104f83e2fb8dd198aa"},{"Customer_Name":"C","Calendar_week":4,"Amount":1.0,"PickAndPay":0,"Revenue":192.37,"Invoice_Date":"2016-01-25","Article_Number":"110991002","Article_Name":"PACKING CHARGES (CARTON) 300X300X200","Order_Form_ID":"d0eef720c6f836104f83e2fb8dd198aa"},{"Customer_Name":"C","Calendar_week":6,"Amount":8.0,"PickAndPay":1,"Revenue":9156.6,"Invoice_Date":"2016-02-10","Article_Number":"105406902","Article_Name":"GRINDING WHEEL 50X10X16","Order_Form_ID":"40143fa0cc3fa71f5968b0217f258457"},{"Customer_Name":"C","Calendar_week":6,"Amount":8.0,"PickAndPay":1,"Revenue":37187.03,"Invoice_Date":"2016-02-10","Article_Number":"105303998","Article_Name":"DISC CUT KNIFE 240X1,2MM,28°","Order_Form_ID":"40143fa0cc3fa71f5968b0217f258457"},{"Customer_Name":"C","Calendar_week":6,"Amount":56.0,"PickAndPay":1,"Revenue":1216.58,"Invoice_Date":"2016-02-10","Article_Number":"107254200","Article_Name":"FELT 60X45MMX10","Order_Form_ID":"40143fa0cc3fa71f5968b0217f258457"},{"Customer_Name":"C","Calendar_week":10,"Amount":2.0,"PickAndPay":0,"Revenue":18715.25,"Invoice_Date":"2016-03-10","Article_Number":"105553900","Article_Name":"DISPLAY 24VDC DIGEM","Order_Form_ID":"f43b80d74f8642e3c66cabba4467dd15"},{"Customer_Name":"C","Calendar_week":10,"Amount":2.0,"PickAndPay":0,"Revenue":6371.15,"Invoice_Date":"2016-03-10","Article_Number":"105114700","Article_Name":"PROXIMITY SWITCH 10-30VDC\/PNP\/M8\/1,5MM","Order_Form_ID":"f43b80d74f8642e3c66cabba4467dd15"},{"Customer_Name":"C","Calendar_week":10,"Amount":1.0,"PickAndPay":0,"Revenue":192.37,"Invoice_Date":"2016-03-10","Article_Number":"110991002","Article_Name":"PACKING CHARGES (CARTON) 300X300X200","Order_Form_ID":"f43b80d74f8642e3c66cabba4467dd15"},{"Customer_Name":"C","Calendar_week":14,"Amount":-8.0,"PickAndPay":1,"Revenue":-9156.6,"Invoice_Date":"2016-04-07","Article_Number":"105406902","Article_Name":"GRINDING WHEEL 50X10X16","Order_Form_ID":"5fbccb8c89623fb021cfebbef681a779"},{"Customer_Name":"C","Calendar_week":14,"Amount":-8.0,"PickAndPay":1,"Revenue":-37187.03,"Invoice_Date":"2016-04-07","Article_Number":"105303998","Article_Name":"DISC CUT KNIFE 240X1,2MM,28°","Order_Form_ID":"5fbccb8c89623fb021cfebbef681a779"},{"Customer_Name":"C","Calendar_week":14,"Amount":-56.0,"PickAndPay":1,"Revenue":-1216.58,"Invoice_Date":"2016-04-07","Article_Number":"107254200","Article_Name":"FELT 60X45MMX10","Order_Form_ID":"5fbccb8c89623fb021cfebbef681a779"},{"Customer_Name":"C","Calendar_week":14,"Amount":-2.0,"PickAndPay":1,"Revenue":-2289.15,"Invoice_Date":"2016-04-07","Article_Number":"105406902","Article_Name":"GRINDING WHEEL 50X10X16","Order_Form_ID":"5fbccb8c89623fb021cfebbef681a779"},{"Customer_Name":"C","Calendar_week":14,"Amount":-8.0,"PickAndPay":1,"Revenue":-9156.6,"Invoice_Date":"2016-04-07","Article_Number":"105406902","Article_Name":"GRINDING WHEEL 50X10X16","Order_Form_ID":"5fbccb8c89623fb021cfebbef681a779"},{"Customer_Name":"C","Calendar_week":14,"Amount":-1.0,"PickAndPay":1,"Revenue":-4648.38,"Invoice_Date":"2016-04-07","Article_Number":"105303998","Article_Name":"DISC CUT KNIFE 240X1,2MM,28°","Order_Form_ID":"5fbccb8c89623fb021cfebbef681a779"},{"Customer_Name":"C","Calendar_week":15,"Amount":1.0,"PickAndPay":0,"Revenue":49402.79,"Invoice_Date":"2016-04-14","Article_Number":"109152510","Article_Name":"SERVO CONTROLLER BUM 616-12\/18","Order_Form_ID":"cb35d32907901a9de3359f9822304568"},{"Customer_Name":"C","Calendar_week":15,"Amount":1.0,"PickAndPay":0,"Revenue":192.37,"Invoice_Date":"2016-04-14","Article_Number":"V00000025","Article_Name":"PACKING CHARGES (CARTON)","Order_Form_ID":"cb35d32907901a9de3359f9822304568"},{"Customer_Name":"C","Calendar_week":15,"Amount":-1.0,"PickAndPay":0,"Revenue":-38471.75,"Invoice_Date":"2016-04-16","Article_Number":"101684300","Article_Name":"BALL SCREW KGT-S-3240X2727","Order_Form_ID":"60de118a6c69c50847b8567f91124037"},{"Customer_Name":"C","Calendar_week":21,"Amount":4.0,"PickAndPay":0,"Revenue":8293.98,"Invoice_Date":"2016-05-25","Article_Number":"108079901","Article_Name":"CLAMPING ELEMENT","Order_Form_ID":"563feaf2b6edaf40c9a69c73c34a5c5a"},{"Customer_Name":"C","Calendar_week":21,"Amount":1.0,"PickAndPay":0,"Revenue":192.37,"Invoice_Date":"2016-05-25","Article_Number":"110991000","Article_Name":"PACKING CHARGES (CARTON) 200X200X80","Order_Form_ID":"563feaf2b6edaf40c9a69c73c34a5c5a"},{"Customer_Name":"C","Calendar_week":24,"Amount":1.0,"PickAndPay":1,"Revenue":160030.35,"Invoice_Date":"2016-06-17","Article_Number":"118027801","Article_Name":"PRESSURE BELT I-QUALITY 2540X 2800","Order_Form_ID":"2d17fbc9e715f31897afac7759a4cada"},{"Customer_Name":"C","Calendar_week":24,"Amount":6.0,"PickAndPay":0,"Revenue":281285.28,"Invoice_Date":"2016-06-18","Article_Number":"109152510","Article_Name":"SERVO CONTROLLER BUM 616-12\/18","Order_Form_ID":"afc6c5390eb4fc187f93ba66809301fe"},{"Customer_Name":"C","Calendar_week":24,"Amount":1.0,"PickAndPay":0,"Revenue":1099.23,"Invoice_Date":"2016-06-18","Article_Number":"110680400","Article_Name":"PACKING CHARGES (PAL-BOX I) 830X580X680","Order_Form_ID":"afc6c5390eb4fc187f93ba66809301fe"},{"Customer_Name":"C","Calendar_week":24,"Amount":1.0,"PickAndPay":0,"Revenue":7612.18,"Invoice_Date":"2016-06-18","Article_Number":"P030FR001","Article_Name":"FREIGHT CHARGES","Order_Form_ID":"afc6c5390eb4fc187f93ba66809301fe"},{"Customer_Name":"C","Calendar_week":25,"Amount":1.0,"PickAndPay":0,"Revenue":94364.69,"Invoice_Date":"2016-06-21","Article_Number":"208780611","Article_Name":"KNIFE SET 2500MM","Order_Form_ID":"4abfe21f0e7d7a2f55ad1a551fbf626a"},{"Customer_Name":"C","Calendar_week":25,"Amount":1.0,"PickAndPay":0,"Revenue":1374.04,"Invoice_Date":"2016-06-21","Article_Number":"V00000007","Article_Name":"PACKING CHARGES (BOX) 2670X100X110MM","Order_Form_ID":"4abfe21f0e7d7a2f55ad1a551fbf626a"},{"Customer_Name":"C","Calendar_week":25,"Amount":11.0,"PickAndPay":1,"Revenue":51132.16,"Invoice_Date":"2016-06-25","Article_Number":"105303998","Article_Name":"DISC CUT KNIFE 240X1,2MM,28°","Order_Form_ID":"37bbb2d7343d63a171876a1c78a453e0"},{"Customer_Name":"C","Calendar_week":25,"Amount":28.0,"PickAndPay":1,"Revenue":32048.12,"Invoice_Date":"2016-06-25","Article_Number":"105406902","Article_Name":"GRINDING WHEEL 50X10X16","Order_Form_ID":"37bbb2d7343d63a171876a1c78a453e0"},{"Customer_Name":"C","Calendar_week":25,"Amount":50.0,"PickAndPay":1,"Revenue":10745.0,"Invoice_Date":"2016-06-25","Article_Number":"106606930","Article_Name":"CLEAN-OUT FINGER 1,0X98X81.5","Order_Form_ID":"37bbb2d7343d63a171876a1c78a453e0"},{"Customer_Name":"C","Calendar_week":25,"Amount":171.0,"PickAndPay":1,"Revenue":3714.86,"Invoice_Date":"2016-06-25","Article_Number":"107254200","Article_Name":"FELT 60X45MMX10","Order_Form_ID":"37bbb2d7343d63a171876a1c78a453e0"},{"Customer_Name":"C","Calendar_week":25,"Amount":1.0,"PickAndPay":1,"Revenue":1284.73,"Invoice_Date":"2016-06-25","Article_Number":"163270925","Article_Name":"SCRAPER BLADE CORRUDUR® 2550X50X1,5","Order_Form_ID":"37bbb2d7343d63a171876a1c78a453e0"},{"Customer_Name":"C","Calendar_week":25,"Amount":4.0,"PickAndPay":1,"Revenue":4662.39,"Invoice_Date":"2016-06-25","Article_Number":"105337510","Article_Name":"PROFILED JOINT 20X25X637","Order_Form_ID":"37bbb2d7343d63a171876a1c78a453e0"},{"Customer_Name":"C","Calendar_week":25,"Amount":1.0,"PickAndPay":1,"Revenue":3830.82,"Invoice_Date":"2016-06-25","Article_Number":"107988610","Article_Name":"TOOTHED BELT HTD 50X8MX2000 CXP","Order_Form_ID":"37bbb2d7343d63a171876a1c78a453e0"},{"Customer_Name":"C","Calendar_week":25,"Amount":2.0,"PickAndPay":1,"Revenue":2756.32,"Invoice_Date":"2016-06-25","Article_Number":"111125198","Article_Name":"GLUE DAM JOINT 3X128X197","Order_Form_ID":"37bbb2d7343d63a171876a1c78a453e0"},{"Customer_Name":"C","Calendar_week":25,"Amount":2.0,"PickAndPay":1,"Revenue":2756.32,"Invoice_Date":"2016-06-25","Article_Number":"111125199","Article_Name":"GLUE DAM JOINT 3X128X197","Order_Form_ID":"37bbb2d7343d63a171876a1c78a453e0"},{"Customer_Name":"C","Calendar_week":25,"Amount":2.0,"PickAndPay":1,"Revenue":3036.63,"Invoice_Date":"2016-06-25","Article_Number":"111125301","Article_Name":"GLUE DAM JOINT 3X260X220","Order_Form_ID":"37bbb2d7343d63a171876a1c78a453e0"},{"Customer_Name":"C","Calendar_week":25,"Amount":4.8,"PickAndPay":1,"Revenue":5606.08,"Invoice_Date":"2016-06-25","Article_Number":"148143400","Article_Name":"HOOK BELT FASTENER G006-SS-600W","Order_Form_ID":"37bbb2d7343d63a171876a1c78a453e0"},{"Customer_Name":"C","Calendar_week":25,"Amount":1.0,"PickAndPay":1,"Revenue":384.73,"Invoice_Date":"2016-06-25","Article_Number":"P030PA001","Article_Name":"PACKING","Order_Form_ID":"d81842b4f73eaaaa63b864cdcb4987fd"},{"Customer_Name":"C","Calendar_week":25,"Amount":1.0,"PickAndPay":1,"Revenue":4121.02,"Invoice_Date":"2016-06-25","Article_Number":"P030FR001","Article_Name":"FREIGHT CHARGES","Order_Form_ID":"d81842b4f73eaaaa63b864cdcb4987fd"},{"Customer_Name":"C","Calendar_week":25,"Amount":-1.0,"PickAndPay":1,"Revenue":-384.73,"Invoice_Date":"2016-06-25","Article_Number":"P030PA001","Article_Name":"PACKING","Order_Form_ID":"e74613ece27997a5f94d95982abb68a4"},{"Customer_Name":"C","Calendar_week":25,"Amount":-1.0,"PickAndPay":1,"Revenue":-4121.02,"Invoice_Date":"2016-06-25","Article_Number":"P030FR001","Article_Name":"FREIGHT CHARGES","Order_Form_ID":"e74613ece27997a5f94d95982abb68a4"},{"Customer_Name":"C","Calendar_week":26,"Amount":1.0,"PickAndPay":1,"Revenue":384.73,"Invoice_Date":"2016-06-30","Article_Number":"P030PA001","Article_Name":"PACKING","Order_Form_ID":"1bfdd3a616bfef37e45230944271eaba"},{"Customer_Name":"C","Calendar_week":26,"Amount":1.0,"PickAndPay":1,"Revenue":4121.02,"Invoice_Date":"2016-06-30","Article_Number":"P030FR001","Article_Name":"FREIGHT CHARGES","Order_Form_ID":"1bfdd3a616bfef37e45230944271eaba"},{"Customer_Name":"C","Calendar_week":26,"Amount":1.0,"PickAndPay":1,"Revenue":44638.45,"Invoice_Date":"2016-07-01","Article_Number":"105073800","Article_Name":"KNIFE 2540X30X8 AB2500","Order_Form_ID":"995e76e6c8c3cfa269ad665aeaff23d2"},{"Customer_Name":"C","Calendar_week":26,"Amount":1.0,"PickAndPay":1,"Revenue":44638.45,"Invoice_Date":"2016-07-01","Article_Number":"113115001","Article_Name":"UPPER KNIFE L=2540 AB=2500","Order_Form_ID":"995e76e6c8c3cfa269ad665aeaff23d2"},{"Customer_Name":"C","Calendar_week":26,"Amount":1.0,"PickAndPay":1,"Revenue":1374.04,"Invoice_Date":"2016-07-01","Article_Number":"P030PA001","Article_Name":"PACKING","Order_Form_ID":"cf01938f95efa1edb405e81c6a495aec"},{"Customer_Name":"C","Calendar_week":26,"Amount":1.0,"PickAndPay":1,"Revenue":5087.8,"Invoice_Date":"2016-07-01","Article_Number":"P030FR001","Article_Name":"FREIGHT CHARGES","Order_Form_ID":"cf01938f95efa1edb405e81c6a495aec"},{"Customer_Name":"C","Calendar_week":26,"Amount":-1.0,"PickAndPay":1,"Revenue":-1374.04,"Invoice_Date":"2016-07-01","Article_Number":"P030PA001","Article_Name":"PACKING","Order_Form_ID":"a3456a95b84a3fcfe49d1e9f8f3de226"},{"Customer_Name":"C","Calendar_week":26,"Amount":-1.0,"PickAndPay":1,"Revenue":-5087.8,"Invoice_Date":"2016-07-01","Article_Number":"P030FR001","Article_Name":"FREIGHT CHARGES","Order_Form_ID":"a3456a95b84a3fcfe49d1e9f8f3de226"},{"Customer_Name":"C","Calendar_week":26,"Amount":1.0,"PickAndPay":1,"Revenue":1374.04,"Invoice_Date":"2016-07-01","Article_Number":"P030PA001","Article_Name":"PACKING","Order_Form_ID":"903d0492ee81b37a1ee6f1d7b70ff69c"},{"Customer_Name":"C","Calendar_week":26,"Amount":1.0,"PickAndPay":1,"Revenue":5087.8,"Invoice_Date":"2016-07-01","Article_Number":"P030FR001","Article_Name":"FREIGHT CHARGES","Order_Form_ID":"903d0492ee81b37a1ee6f1d7b70ff69c"},{"Customer_Name":"C","Calendar_week":27,"Amount":40.0,"PickAndPay":0,"Revenue":1087.69,"Invoice_Date":"2016-07-06","Article_Number":"111436100","Article_Name":"ROUND HEAD GROOVED PIN 3X8","Order_Form_ID":"c5d67af3b136488f4e7b9544d3ce72f8"},{"Customer_Name":"C","Calendar_week":27,"Amount":20.0,"PickAndPay":0,"Revenue":2595.29,"Invoice_Date":"2016-07-06","Article_Number":"142697101","Article_Name":"FLAT SPRING 0,5X10X17X91","Order_Form_ID":"c5d67af3b136488f4e7b9544d3ce72f8"},{"Customer_Name":"C","Calendar_week":27,"Amount":1.0,"PickAndPay":0,"Revenue":192.37,"Invoice_Date":"2016-07-06","Article_Number":"110991000","Article_Name":"PACKING CHARGES (CARTON) 200X200X80","Order_Form_ID":"c5d67af3b136488f4e7b9544d3ce72f8"},{"Customer_Name":"C","Calendar_week":30,"Amount":28.0,"PickAndPay":1,"Revenue":608.15,"Invoice_Date":"2016-07-25","Article_Number":"107254200","Article_Name":"FELT 60X45MMX10","Order_Form_ID":"805a752623b7ea6b67585c0e17f2a702"},{"Customer_Name":"C","Calendar_week":30,"Amount":2.0,"PickAndPay":1,"Revenue":9296.76,"Invoice_Date":"2016-07-25","Article_Number":"105303998","Article_Name":"DISC CUT KNIFE 240X1,2MM,28°","Order_Form_ID":"805a752623b7ea6b67585c0e17f2a702"},{"Customer_Name":"C","Calendar_week":30,"Amount":1.0,"PickAndPay":1,"Revenue":4648.38,"Invoice_Date":"2016-07-25","Article_Number":"105303998","Article_Name":"DISC CUT KNIFE 240X1,2MM,28°","Order_Form_ID":"805a752623b7ea6b67585c0e17f2a702"},{"Customer_Name":"C","Calendar_week":30,"Amount":1.0,"PickAndPay":1,"Revenue":4648.38,"Invoice_Date":"2016-07-25","Article_Number":"105303998","Article_Name":"DISC CUT KNIFE 240X1,2MM,28°","Order_Form_ID":"805a752623b7ea6b67585c0e17f2a702"},{"Customer_Name":"C","Calendar_week":30,"Amount":100.0,"PickAndPay":1,"Revenue":21489.99,"Invoice_Date":"2016-07-25","Article_Number":"106606930","Article_Name":"CLEAN-OUT FINGER 1,0X98X81.5","Order_Form_ID":"805a752623b7ea6b67585c0e17f2a702"},{"Customer_Name":"C","Calendar_week":32,"Amount":1.0,"PickAndPay":0,"Revenue":4673.39,"Invoice_Date":"2016-08-12","Article_Number":"105114700","Article_Name":"PROXIMITY SWITCH 10-30VDC\/PNP\/M8\/1,5MM","Order_Form_ID":"4159e29f7f69594d1bf0bac95714901e"},{"Customer_Name":"C","Calendar_week":32,"Amount":1.0,"PickAndPay":0,"Revenue":192.37,"Invoice_Date":"2016-08-12","Article_Number":"110991000","Article_Name":"PACKING CHARGES (CARTON) 200X200X80","Order_Form_ID":"4159e29f7f69594d1bf0bac95714901e"},{"Customer_Name":"C","Calendar_week":35,"Amount":14.0,"PickAndPay":1,"Revenue":304.21,"Invoice_Date":"2016-09-02","Article_Number":"107254200","Article_Name":"FELT 60X45MMX10","Order_Form_ID":"bb87519e9aa28c515043325baf210308"},{"Customer_Name":"C","Calendar_week":35,"Amount":24.0,"PickAndPay":1,"Revenue":2831.07,"Invoice_Date":"2016-09-02","Article_Number":"103101000","Article_Name":"PLASTIC PLATE 60X6X180","Order_Form_ID":"e48214e9d4df3d54472b1be72d87dab9"},{"Customer_Name":"C","Calendar_week":35,"Amount":1.0,"PickAndPay":1,"Revenue":1750.53,"Invoice_Date":"2016-09-02","Article_Number":"P030FR001","Article_Name":"FREIGHT CHARGES","Order_Form_ID":"c60b7fcc710178951e220aee1f8a39f3"},{"Customer_Name":"C","Calendar_week":35,"Amount":1.0,"PickAndPay":1,"Revenue":192.37,"Invoice_Date":"2016-09-02","Article_Number":"P030PA001","Article_Name":"PACKING","Order_Form_ID":"c60b7fcc710178951e220aee1f8a39f3"},{"Customer_Name":"C","Calendar_week":35,"Amount":1.0,"PickAndPay":1,"Revenue":192.37,"Invoice_Date":"2016-09-02","Article_Number":"P030PA001","Article_Name":"PACKING","Order_Form_ID":"e92e369655d0f2453948308dbcc6b1fb"},{"Customer_Name":"C","Calendar_week":35,"Amount":1.0,"PickAndPay":1,"Revenue":1750.53,"Invoice_Date":"2016-09-02","Article_Number":"P030FR001","Article_Name":"FREIGHT CHARGES","Order_Form_ID":"e92e369655d0f2453948308dbcc6b1fb"},{"Customer_Name":"C","Calendar_week":35,"Amount":-1.0,"PickAndPay":1,"Revenue":-192.37,"Invoice_Date":"2016-09-02","Article_Number":"P030PA001","Article_Name":"PACKING","Order_Form_ID":"25c635729b0c60aadff71308ad322bb3"},{"Customer_Name":"C","Calendar_week":35,"Amount":-1.0,"PickAndPay":1,"Revenue":-1750.53,"Invoice_Date":"2016-09-02","Article_Number":"P030FR001","Article_Name":"FREIGHT CHARGES","Order_Form_ID":"25c635729b0c60aadff71308ad322bb3"},{"Customer_Name":"C","Calendar_week":35,"Amount":1.0,"PickAndPay":1,"Revenue":192.37,"Invoice_Date":"2016-09-02","Article_Number":"P030PA001","Article_Name":"PACKING","Order_Form_ID":"4d1228e66607ef55607b92131b7a63c9"},{"Customer_Name":"C","Calendar_week":35,"Amount":1.0,"PickAndPay":1,"Revenue":1750.53,"Invoice_Date":"2016-09-02","Article_Number":"P030FR001","Article_Name":"FREIGHT CHARGES","Order_Form_ID":"4d1228e66607ef55607b92131b7a63c9"},{"Customer_Name":"C","Calendar_week":36,"Amount":1.0,"PickAndPay":1,"Revenue":192.37,"Invoice_Date":"2016-09-07","Article_Number":"P030PA001","Article_Name":"PACKING","Order_Form_ID":"0cb19e87df6e2e4509aeec31fbfe3be2"},{"Customer_Name":"C","Calendar_week":36,"Amount":1.0,"PickAndPay":1,"Revenue":3172.93,"Invoice_Date":"2016-09-07","Article_Number":"P030FR001","Article_Name":"FREIGHT CHARGES","Order_Form_ID":"0cb19e87df6e2e4509aeec31fbfe3be2"},{"Customer_Name":"C","Calendar_week":36,"Amount":-1.0,"PickAndPay":1,"Revenue":-192.37,"Invoice_Date":"2016-09-07","Article_Number":"P030PA001","Article_Name":"PACKING","Order_Form_ID":"076edb19e265898b77e6008676db3d71"},{"Customer_Name":"C","Calendar_week":36,"Amount":-1.0,"PickAndPay":1,"Revenue":-3172.93,"Invoice_Date":"2016-09-07","Article_Number":"P030FR001","Article_Name":"FREIGHT CHARGES","Order_Form_ID":"076edb19e265898b77e6008676db3d71"},{"Customer_Name":"C","Calendar_week":36,"Amount":1.0,"PickAndPay":1,"Revenue":192.37,"Invoice_Date":"2016-09-08","Article_Number":"P030PA001","Article_Name":"PACKING","Order_Form_ID":"f71f2d2d5d9e2b04ea48c5f98444c49a"},{"Customer_Name":"C","Calendar_week":36,"Amount":1.0,"PickAndPay":1,"Revenue":3172.93,"Invoice_Date":"2016-09-08","Article_Number":"P030FR001","Article_Name":"FREIGHT CHARGES","Order_Form_ID":"f71f2d2d5d9e2b04ea48c5f98444c49a"},{"Customer_Name":"C","Calendar_week":36,"Amount":2.0,"PickAndPay":1,"Revenue":9296.76,"Invoice_Date":"2016-09-09","Article_Number":"105303998","Article_Name":"DISC CUT KNIFE 240X1,2MM,28°","Order_Form_ID":"83e55e1fe10216105a4c99e989b015f4"},{"Customer_Name":"C","Calendar_week":37,"Amount":1.0,"PickAndPay":0,"Revenue":87938.58,"Invoice_Date":"2016-09-13","Article_Number":"P030LF002","Article_Name":"COMMITMENT CHARGE","Order_Form_ID":"c142d555e294845b32ed972fa4949995"},{"Customer_Name":"C","Calendar_week":37,"Amount":1.0,"PickAndPay":0,"Revenue":164884.84,"Invoice_Date":"2016-09-13","Article_Number":"P030LF001","Article_Name":"LENDING FEE","Order_Form_ID":"c142d555e294845b32ed972fa4949995"},{"Customer_Name":"C","Calendar_week":37,"Amount":1.0,"PickAndPay":0,"Revenue":18364.05,"Invoice_Date":"2016-09-13","Article_Number":"P030FR001","Article_Name":"FREIGHT CHARGES","Order_Form_ID":"c142d555e294845b32ed972fa4949995"},{"Customer_Name":"C","Calendar_week":40,"Amount":12.0,"PickAndPay":0,"Revenue":15903.69,"Invoice_Date":"2016-10-07","Article_Number":"135620122","Article_Name":"CARBON BRUSH","Order_Form_ID":"33b780ca3ea299d6cc9b6f7b53f14ed5"},{"Customer_Name":"C","Calendar_week":40,"Amount":1.0,"PickAndPay":0,"Revenue":192.37,"Invoice_Date":"2016-10-07","Article_Number":"110991001","Article_Name":"PACKING CHARGES (CARTON) 200X200X150","Order_Form_ID":"33b780ca3ea299d6cc9b6f7b53f14ed5"},{"Customer_Name":"C","Calendar_week":41,"Amount":1.0,"PickAndPay":1,"Revenue":192.37,"Invoice_Date":"2016-10-13","Article_Number":"P030PA001","Article_Name":"PACKING","Order_Form_ID":"24cdb5b8da611ee0d5ef6c84f59a1896"},{"Customer_Name":"C","Calendar_week":41,"Amount":1.0,"PickAndPay":1,"Revenue":3786.86,"Invoice_Date":"2016-10-13","Article_Number":"P030FR001","Article_Name":"FREIGHT CHARGES","Order_Form_ID":"24cdb5b8da611ee0d5ef6c84f59a1896"},{"Customer_Name":"C","Calendar_week":41,"Amount":-1.0,"PickAndPay":1,"Revenue":-192.37,"Invoice_Date":"2016-10-13","Article_Number":"P030PA001","Article_Name":"PACKING","Order_Form_ID":"738492a5ab4f255afc24934d6a8d47bb"},{"Customer_Name":"C","Calendar_week":41,"Amount":-1.0,"PickAndPay":1,"Revenue":-3786.86,"Invoice_Date":"2016-10-13","Article_Number":"P030FR001","Article_Name":"FREIGHT CHARGES","Order_Form_ID":"738492a5ab4f255afc24934d6a8d47bb"},{"Customer_Name":"C","Calendar_week":41,"Amount":1.0,"PickAndPay":1,"Revenue":3544.75,"Invoice_Date":"2016-10-14","Article_Number":"P030FR001","Article_Name":"FREIGHT CHARGES","Order_Form_ID":"5c1047e72a5d40da302ce6faaaa36f92"},{"Customer_Name":"C","Calendar_week":41,"Amount":1.0,"PickAndPay":1,"Revenue":192.37,"Invoice_Date":"2016-10-14","Article_Number":"P030PA001","Article_Name":"PACKING","Order_Form_ID":"5c1047e72a5d40da302ce6faaaa36f92"},{"Customer_Name":"C","Calendar_week":41,"Amount":1.0,"PickAndPay":1,"Revenue":192.37,"Invoice_Date":"2016-10-14","Article_Number":"P030PA001","Article_Name":"PACKING","Order_Form_ID":"04ea615fa249f8d7dfd39e156137097b"},{"Customer_Name":"C","Calendar_week":41,"Amount":1.0,"PickAndPay":1,"Revenue":3786.86,"Invoice_Date":"2016-10-14","Article_Number":"P030FR001","Article_Name":"FREIGHT CHARGES","Order_Form_ID":"04ea615fa249f8d7dfd39e156137097b"},{"Customer_Name":"C","Calendar_week":42,"Amount":4.0,"PickAndPay":1,"Revenue":18593.51,"Invoice_Date":"2016-10-20","Article_Number":"105303998","Article_Name":"DISC CUT KNIFE 240X1,2MM,28°","Order_Form_ID":"756e190a78cb20aa3a31d111283fa79a"},{"Customer_Name":"C","Calendar_week":42,"Amount":6.0,"PickAndPay":1,"Revenue":6867.45,"Invoice_Date":"2016-10-20","Article_Number":"105406902","Article_Name":"GRINDING WHEEL 50X10X16","Order_Form_ID":"756e190a78cb20aa3a31d111283fa79a"},{"Customer_Name":"C","Calendar_week":42,"Amount":6.0,"PickAndPay":1,"Revenue":6867.45,"Invoice_Date":"2016-10-20","Article_Number":"105406902","Article_Name":"GRINDING WHEEL 50X10X16","Order_Form_ID":"756e190a78cb20aa3a31d111283fa79a"},{"Customer_Name":"C","Calendar_week":42,"Amount":2.0,"PickAndPay":0,"Revenue":35608.53,"Invoice_Date":"2016-10-22","Article_Number":"100511200","Article_Name":"PRESSURE CONTROL VALVE G1\/8; 0.1-6 BAR","Order_Form_ID":"8527ce315b22d33668b5f1d39a6eeebc"},{"Customer_Name":"C","Calendar_week":42,"Amount":1.0,"PickAndPay":0,"Revenue":192.37,"Invoice_Date":"2016-10-22","Article_Number":"118308700","Article_Name":"PACKING CHARGES (CARTON) 330X163X172 MM","Order_Form_ID":"8527ce315b22d33668b5f1d39a6eeebc"},{"Customer_Name":"C","Calendar_week":43,"Amount":1.0,"PickAndPay":1,"Revenue":4648.38,"Invoice_Date":"2016-10-27","Article_Number":"105303998","Article_Name":"DISC CUT KNIFE 240X1,2MM,28°","Order_Form_ID":"0c89d6d06894e2c2852d3e963137a02f"},{"Customer_Name":"C","Calendar_week":45,"Amount":1.0,"PickAndPay":1,"Revenue":1593.89,"Invoice_Date":"2016-11-07","Article_Number":"P030FR001","Article_Name":"FREIGHT CHARGES","Order_Form_ID":"ab263028e61c5c182462d844b2d11a3a"},{"Customer_Name":"C","Calendar_week":45,"Amount":1.0,"PickAndPay":1,"Revenue":192.37,"Invoice_Date":"2016-11-07","Article_Number":"P030PA001","Article_Name":"PACKING","Order_Form_ID":"ab263028e61c5c182462d844b2d11a3a"},{"Customer_Name":"C","Calendar_week":46,"Amount":-1.0,"PickAndPay":1,"Revenue":-3567.83,"Invoice_Date":"2016-11-16","Article_Number":"P030FR001","Article_Name":"FREIGHT CHARGES","Order_Form_ID":"c4e486d3b2799f8e011f0f52cbb5a8ec"},{"Customer_Name":"C","Calendar_week":46,"Amount":-10.0,"PickAndPay":1,"Revenue":-4788.53,"Invoice_Date":"2016-11-16","Article_Number":"123052320","Article_Name":"NO-CRUSH-ROLLER 165X65X50","Order_Form_ID":"d4badc31f0b5276836da77092c90d92b"},{"Customer_Name":"C","Calendar_week":46,"Amount":1.0,"PickAndPay":1,"Revenue":160030.35,"Invoice_Date":"2016-11-17","Article_Number":"118027801","Article_Name":"PRESSURE BELT I-QUALITY 2540X 2800","Order_Form_ID":"a464a4e5f358c67d61db98285bbd29c2"},{"Customer_Name":"C","Calendar_week":46,"Amount":50.0,"PickAndPay":1,"Revenue":23942.65,"Invoice_Date":"2016-11-17","Article_Number":"123052320","Article_Name":"NO-CRUSH-ROLLER 165X65X50","Order_Form_ID":"ac154a4bb774dc75b33ee1e34e9cb842"},{"Customer_Name":"C","Calendar_week":47,"Amount":1.0,"PickAndPay":1,"Revenue":5963.33,"Invoice_Date":"2016-11-23","Article_Number":"P030FR001","Article_Name":"FREIGHT CHARGES","Order_Form_ID":"0e0be96fb304eaef7a6b6ee32042fff0"},{"Customer_Name":"C","Calendar_week":48,"Amount":3.0,"PickAndPay":0,"Revenue":115415.26,"Invoice_Date":"2016-11-28","Article_Number":"101684300","Article_Name":"BALL SCREW KGT-S-3240X2727","Order_Form_ID":"e53a945ef61c9c6cec090b70acffa6a1"},{"Customer_Name":"C","Calendar_week":48,"Amount":8.0,"PickAndPay":0,"Revenue":4821.23,"Invoice_Date":"2016-11-28","Article_Number":"101567900","Article_Name":"KEY 12X8X500","Order_Form_ID":"e53a945ef61c9c6cec090b70acffa6a1"},{"Customer_Name":"C","Calendar_week":48,"Amount":1.0,"PickAndPay":0,"Revenue":3847.31,"Invoice_Date":"2016-11-28","Article_Number":"P030PA001","Article_Name":"PACKING","Order_Form_ID":"e53a945ef61c9c6cec090b70acffa6a1"},{"Customer_Name":"C","Calendar_week":48,"Amount":1.0,"PickAndPay":0,"Revenue":9666.37,"Invoice_Date":"2016-11-28","Article_Number":"P030FR001","Article_Name":"FREIGHT CHARGES","Order_Form_ID":"e53a945ef61c9c6cec090b70acffa6a1"},{"Customer_Name":"C","Calendar_week":48,"Amount":1.0,"PickAndPay":0,"Revenue":83110.2,"Invoice_Date":"2016-11-30","Article_Number":"143402900","Article_Name":"SERVO CONTROLLER 13A\/3PH\/400V\/5,5KW","Order_Form_ID":"3e321c52b6a1fba5cc004dd778323daf"},{"Customer_Name":"C","Calendar_week":48,"Amount":1.0,"PickAndPay":0,"Revenue":38991.97,"Invoice_Date":"2016-11-30","Article_Number":"P030FR001","Article_Name":"FREIGHT CHARGES","Order_Form_ID":"31deb498805dc282f86d52db94ae1cd2"},{"Customer_Name":"C","Calendar_week":48,"Amount":2.0,"PickAndPay":0,"Revenue":14180.37,"Invoice_Date":"2016-11-30","Article_Number":"132936409","Article_Name":"MODULE 82-VECTOR","Order_Form_ID":"d5500754225ce6ada8d201181197ff44"},{"Customer_Name":"C","Calendar_week":48,"Amount":1.0,"PickAndPay":0,"Revenue":192.37,"Invoice_Date":"2016-11-30","Article_Number":"110991001","Article_Name":"PACKING CHARGES (CARTON) 200X200X150","Order_Form_ID":"d5500754225ce6ada8d201181197ff44"},{"Customer_Name":"C","Calendar_week":49,"Amount":5.0,"PickAndPay":1,"Revenue":5722.88,"Invoice_Date":"2016-12-05","Article_Number":"105406902","Article_Name":"GRINDING WHEEL 50X10X16","Order_Form_ID":"3e8dd8360ebe2bf6b0187e105dacf8fe"},{"Customer_Name":"C","Calendar_week":49,"Amount":1.0,"PickAndPay":1,"Revenue":4648.38,"Invoice_Date":"2016-12-05","Article_Number":"105303998","Article_Name":"DISC CUT KNIFE 240X1,2MM,28°","Order_Form_ID":"3e8dd8360ebe2bf6b0187e105dacf8fe"},{"Customer_Name":"C","Calendar_week":49,"Amount":1.0,"PickAndPay":0,"Revenue":4766.82,"Invoice_Date":"2016-12-05","Article_Number":"122673500","Article_Name":"BALL VALVE DN 20; PN 40","Order_Form_ID":"2e63cf351dc57a182dc1ccd96adfdcf3"},{"Customer_Name":"C","Calendar_week":49,"Amount":1.0,"PickAndPay":0,"Revenue":192.37,"Invoice_Date":"2016-12-05","Article_Number":"110991000","Article_Name":"PACKING CHARGES (CARTON) 200X200X80","Order_Form_ID":"2e63cf351dc57a182dc1ccd96adfdcf3"},{"Customer_Name":"C","Calendar_week":49,"Amount":1.0,"PickAndPay":1,"Revenue":192.37,"Invoice_Date":"2016-12-05","Article_Number":"P030PA001","Article_Name":"PACKING","Order_Form_ID":"2e6603d1d8db7a23e2bded7842894a0b"},{"Customer_Name":"C","Calendar_week":49,"Amount":1.0,"PickAndPay":1,"Revenue":1610.38,"Invoice_Date":"2016-12-05","Article_Number":"P030FR001","Article_Name":"FREIGHT CHARGES","Order_Form_ID":"2e6603d1d8db7a23e2bded7842894a0b"},{"Customer_Name":"C","Calendar_week":49,"Amount":1.0,"PickAndPay":1,"Revenue":4648.38,"Invoice_Date":"2016-12-07","Article_Number":"105303998","Article_Name":"DISC CUT KNIFE 240X1,2MM,28°","Order_Form_ID":"ddfd3d33ef1a10b590c3cb44d1e350dd"},{"Customer_Name":"C","Calendar_week":49,"Amount":4.0,"PickAndPay":1,"Revenue":4578.3,"Invoice_Date":"2016-12-07","Article_Number":"105406902","Article_Name":"GRINDING WHEEL 50X10X16","Order_Form_ID":"ddfd3d33ef1a10b590c3cb44d1e350dd"},{"Customer_Name":"C","Calendar_week":49,"Amount":1.0,"PickAndPay":1,"Revenue":1231.41,"Invoice_Date":"2016-12-07","Article_Number":"P030FR001","Article_Name":"FREIGHT CHARGES","Order_Form_ID":"12b6d079b79ca196f92242cd18caddd7"},{"Customer_Name":"C","Calendar_week":49,"Amount":1.0,"PickAndPay":1,"Revenue":1099.23,"Invoice_Date":"2016-12-07","Article_Number":"P030PA001","Article_Name":"PACKING","Order_Form_ID":"12b6d079b79ca196f92242cd18caddd7"},{"Customer_Name":"C","Calendar_week":50,"Amount":12.0,"PickAndPay":0,"Revenue":92780.7,"Invoice_Date":"2016-12-15","Article_Number":"101961692","Article_Name":"SCORING PROFILE 200X30","Order_Form_ID":"e43c2747c8b88f10446792743f28f8ee"},{"Customer_Name":"C","Calendar_week":50,"Amount":12.0,"PickAndPay":0,"Revenue":92780.7,"Invoice_Date":"2016-12-15","Article_Number":"101961691","Article_Name":"SCORING PROFILE 200X30","Order_Form_ID":"e43c2747c8b88f10446792743f28f8ee"},{"Customer_Name":"C","Calendar_week":2,"Amount":1.0,"PickAndPay":1,"Revenue":192.37,"Invoice_Date":"2017-01-12","Article_Number":"P030PA001","Article_Name":"PACKING","Order_Form_ID":"377e0ec5281a2dc905b7f60457083827"},{"Customer_Name":"C","Calendar_week":2,"Amount":1.0,"PickAndPay":1,"Revenue":3172.93,"Invoice_Date":"2017-01-12","Article_Number":"P030FR001","Article_Name":"FREIGHT CHARGES","Order_Form_ID":"377e0ec5281a2dc905b7f60457083827"},{"Customer_Name":"C","Calendar_week":5,"Amount":1.0,"PickAndPay":0,"Revenue":4766.82,"Invoice_Date":"2017-01-31","Article_Number":"122673500","Article_Name":"BALL VALVE DN 20; PN 40","Order_Form_ID":"0e7b88c2c0e027c0be9a7d74f694f52b"},{"Customer_Name":"C","Calendar_week":5,"Amount":1.0,"PickAndPay":0,"Revenue":192.37,"Invoice_Date":"2017-01-31","Article_Number":"110991000","Article_Name":"PACKING CHARGES (CARTON) 200X200X80","Order_Form_ID":"0e7b88c2c0e027c0be9a7d74f694f52b"},{"Customer_Name":"C","Calendar_week":5,"Amount":7.0,"PickAndPay":0,"Revenue":835.42,"Invoice_Date":"2017-02-01","Article_Number":"110191900","Article_Name":"PRESSURE SPRING 3,60X25,0X74,6","Order_Form_ID":"2c77e06cd5d496b59e95af83f625c548"},{"Customer_Name":"C","Calendar_week":5,"Amount":8.0,"PickAndPay":0,"Revenue":543.57,"Invoice_Date":"2017-02-01","Article_Number":"110191901","Article_Name":"PRESSURE SPRING 2,30X17,7X60,9","Order_Form_ID":"2c77e06cd5d496b59e95af83f625c548"},{"Customer_Name":"C","Calendar_week":5,"Amount":22.0,"PickAndPay":0,"Revenue":8025.22,"Invoice_Date":"2017-02-01","Article_Number":"110086900","Article_Name":"FLAT STEEL FL.25X10X127","Order_Form_ID":"2c77e06cd5d496b59e95af83f625c548"},{"Customer_Name":"C","Calendar_week":5,"Amount":11.0,"PickAndPay":0,"Revenue":5898.48,"Invoice_Date":"2017-02-01","Article_Number":"110087000","Article_Name":"AXLE","Order_Form_ID":"2c77e06cd5d496b59e95af83f625c548"},{"Customer_Name":"C","Calendar_week":5,"Amount":22.0,"PickAndPay":0,"Revenue":13410.08,"Invoice_Date":"2017-02-01","Article_Number":"110086700","Article_Name":"AXLE","Order_Form_ID":"2c77e06cd5d496b59e95af83f625c548"},{"Customer_Name":"C","Calendar_week":5,"Amount":22.0,"PickAndPay":0,"Revenue":13531.27,"Invoice_Date":"2017-02-01","Article_Number":"110086600","Article_Name":"FIXATION PIECE","Order_Form_ID":"2c77e06cd5d496b59e95af83f625c548"},{"Customer_Name":"C","Calendar_week":5,"Amount":7.0,"PickAndPay":0,"Revenue":34560.14,"Invoice_Date":"2017-02-01","Article_Number":"110087200","Article_Name":"SHOE","Order_Form_ID":"2c77e06cd5d496b59e95af83f625c548"},{"Customer_Name":"C","Calendar_week":5,"Amount":2.0,"PickAndPay":0,"Revenue":11616.96,"Invoice_Date":"2017-02-01","Article_Number":"115213100","Article_Name":"SHOE","Order_Form_ID":"2c77e06cd5d496b59e95af83f625c548"},{"Customer_Name":"C","Calendar_week":5,"Amount":2.0,"PickAndPay":0,"Revenue":11616.69,"Invoice_Date":"2017-02-01","Article_Number":"115213000","Article_Name":"SHOE","Order_Form_ID":"2c77e06cd5d496b59e95af83f625c548"},{"Customer_Name":"C","Calendar_week":5,"Amount":22.0,"PickAndPay":0,"Revenue":9710.07,"Invoice_Date":"2017-02-01","Article_Number":"110086800","Article_Name":"PLATE","Order_Form_ID":"2c77e06cd5d496b59e95af83f625c548"},{"Customer_Name":"C","Calendar_week":5,"Amount":1.0,"PickAndPay":0,"Revenue":1099.23,"Invoice_Date":"2017-02-01","Article_Number":"110680400","Article_Name":"PACKING CHARGES (PAL-BOX I) 830X580X680","Order_Form_ID":"2c77e06cd5d496b59e95af83f625c548"},{"Customer_Name":"C","Calendar_week":6,"Amount":100.0,"PickAndPay":1,"Revenue":21489.99,"Invoice_Date":"2017-02-06","Article_Number":"106606930","Article_Name":"CLEAN-OUT FINGER 1,0X98X81.5","Order_Form_ID":"b42fce2d5e7f50555b041807e7733154"},{"Customer_Name":"C","Calendar_week":6,"Amount":29.0,"PickAndPay":1,"Revenue":629.86,"Invoice_Date":"2017-02-06","Article_Number":"107254200","Article_Name":"FELT 60X45MMX10","Order_Form_ID":"b42fce2d5e7f50555b041807e7733154"},{"Customer_Name":"C","Calendar_week":6,"Amount":71.0,"PickAndPay":1,"Revenue":4477.72,"Invoice_Date":"2017-02-06","Article_Number":"106606921","Article_Name":"CLEAN-OUT FINGER BL1.0X98X90LG","Order_Form_ID":"b42fce2d5e7f50555b041807e7733154"},{"Customer_Name":"C","Calendar_week":7,"Amount":1.0,"PickAndPay":0,"Revenue":45216.92,"Invoice_Date":"2017-02-14","Article_Number":"101684300","Article_Name":"BALL SCREW KGT-S-3240X2727","Order_Form_ID":"00fca15dff554ddcf8201b5c2f771fe2"},{"Customer_Name":"C","Calendar_week":7,"Amount":1.0,"PickAndPay":0,"Revenue":1923.66,"Invoice_Date":"2017-02-14","Article_Number":"V00000001","Article_Name":"PACKING CHARGES (BOX) 3100X140X230MM","Order_Form_ID":"00fca15dff554ddcf8201b5c2f771fe2"},{"Customer_Name":"C","Calendar_week":8,"Amount":8.0,"PickAndPay":0,"Revenue":19988.16,"Invoice_Date":"2017-02-24","Article_Number":"102675800","Article_Name":"COUPLING 8\/10MM","Order_Form_ID":"88aa75c0db0e1b941d96ce7a495c2514"},{"Customer_Name":"C","Calendar_week":8,"Amount":1.0,"PickAndPay":0,"Revenue":1465.0,"Invoice_Date":"2017-02-24","Article_Number":"284050900","Article_Name":"LIMIT SWITCH ROLLENSTÖSSEL 1S\/1Ö","Order_Form_ID":"88aa75c0db0e1b941d96ce7a495c2514"},{"Customer_Name":"C","Calendar_week":8,"Amount":4.0,"PickAndPay":0,"Revenue":12356.74,"Invoice_Date":"2017-02-24","Article_Number":"105114700","Article_Name":"PROXIMITY SWITCH 10-30VDC\/PNP\/M8\/1,5MM","Order_Form_ID":"88aa75c0db0e1b941d96ce7a495c2514"},{"Customer_Name":"C","Calendar_week":8,"Amount":1.0,"PickAndPay":0,"Revenue":192.37,"Invoice_Date":"2017-02-24","Article_Number":"118308700","Article_Name":"PACKING CHARGES (CARTON) 330X163X172 MM","Order_Form_ID":"88aa75c0db0e1b941d96ce7a495c2514"},{"Customer_Name":"C","Calendar_week":9,"Amount":1.0,"PickAndPay":1,"Revenue":192.37,"Invoice_Date":"2017-02-27","Article_Number":"P030PA001","Article_Name":"PACKING","Order_Form_ID":"7902fa5356d164e61aafbfd5e914511e"},{"Customer_Name":"C","Calendar_week":9,"Amount":1.0,"PickAndPay":1,"Revenue":1660.12,"Invoice_Date":"2017-02-27","Article_Number":"P030FR001","Article_Name":"FREIGHT CHARGES","Order_Form_ID":"7902fa5356d164e61aafbfd5e914511e"},{"Customer_Name":"C","Calendar_week":9,"Amount":2.0,"PickAndPay":0,"Revenue":167.91,"Invoice_Date":"2017-02-28","Article_Number":"138419","Article_Name":"RETAINER RING 95X2,5","Order_Form_ID":"42f4fe6448f2da203b9e624e1189f18b"},{"Customer_Name":"C","Calendar_week":9,"Amount":4.0,"PickAndPay":0,"Revenue":9570.19,"Invoice_Date":"2017-02-28","Article_Number":"136251","Article_Name":"TAPERED ROLLER BEARING 60X95X26","Order_Form_ID":"42f4fe6448f2da203b9e624e1189f18b"},{"Customer_Name":"C","Calendar_week":9,"Amount":2.0,"PickAndPay":0,"Revenue":178.9,"Invoice_Date":"2017-02-28","Article_Number":"137363","Article_Name":"LOCKING PLATE 60","Order_Form_ID":"42f4fe6448f2da203b9e624e1189f18b"},{"Customer_Name":"C","Calendar_week":9,"Amount":2.0,"PickAndPay":0,"Revenue":1478.74,"Invoice_Date":"2017-02-28","Article_Number":"507098","Article_Name":"NUT FOR SHAFT M 60X2X6","Order_Form_ID":"42f4fe6448f2da203b9e624e1189f18b"},{"Customer_Name":"C","Calendar_week":9,"Amount":4.0,"PickAndPay":0,"Revenue":310.26,"Invoice_Date":"2017-02-28","Article_Number":"600287","Article_Name":"WIPER 40X 50X 5","Order_Form_ID":"42f4fe6448f2da203b9e624e1189f18b"},{"Customer_Name":"C","Calendar_week":9,"Amount":1.0,"PickAndPay":0,"Revenue":192.37,"Invoice_Date":"2017-02-28","Article_Number":"110991001","Article_Name":"PACKING CHARGES (CARTON) 200X200X150","Order_Form_ID":"42f4fe6448f2da203b9e624e1189f18b"},{"Customer_Name":"C","Calendar_week":10,"Amount":8.0,"PickAndPay":1,"Revenue":37187.03,"Invoice_Date":"2017-03-09","Article_Number":"105303998","Article_Name":"DISC CUT KNIFE 240X1,2MM,28°","Order_Form_ID":"b75ffaaf3a234fabf72b7401ec22bb11"},{"Customer_Name":"C","Calendar_week":10,"Amount":6.0,"PickAndPay":1,"Revenue":6867.45,"Invoice_Date":"2017-03-09","Article_Number":"105406902","Article_Name":"GRINDING WHEEL 50X10X16","Order_Form_ID":"b75ffaaf3a234fabf72b7401ec22bb11"},{"Customer_Name":"C","Calendar_week":10,"Amount":1.0,"PickAndPay":1,"Revenue":192.37,"Invoice_Date":"2017-03-09","Article_Number":"P030PA001","Article_Name":"PACKING","Order_Form_ID":"b0b8bc73961199b6a019038ad62906f7"},{"Customer_Name":"C","Calendar_week":10,"Amount":1.0,"PickAndPay":1,"Revenue":3676.93,"Invoice_Date":"2017-03-09","Article_Number":"P030FR001","Article_Name":"FREIGHT CHARGES","Order_Form_ID":"b0b8bc73961199b6a019038ad62906f7"},{"Customer_Name":"C","Calendar_week":14,"Amount":24.0,"PickAndPay":1,"Revenue":3700.02,"Invoice_Date":"2017-04-06","Article_Number":"103101000","Article_Name":"PLASTIC PLATE 60X6X180","Order_Form_ID":"17c91a44cb25d40db1df4776a69d84f6"},{"Customer_Name":"C","Calendar_week":14,"Amount":1.0,"PickAndPay":1,"Revenue":4648.38,"Invoice_Date":"2017-04-06","Article_Number":"105303998","Article_Name":"DISC CUT KNIFE 240X1,2MM,28°","Order_Form_ID":"17c91a44cb25d40db1df4776a69d84f6"},{"Customer_Name":"C","Calendar_week":14,"Amount":9.0,"PickAndPay":1,"Revenue":567.48,"Invoice_Date":"2017-04-06","Article_Number":"106606921","Article_Name":"CLEAN-OUT FINGER BL1.0X98X90LG","Order_Form_ID":"17c91a44cb25d40db1df4776a69d84f6"},{"Customer_Name":"C","Calendar_week":14,"Amount":70.0,"PickAndPay":1,"Revenue":1520.51,"Invoice_Date":"2017-04-06","Article_Number":"107254200","Article_Name":"FELT 60X45MMX10","Order_Form_ID":"17c91a44cb25d40db1df4776a69d84f6"},{"Customer_Name":"C","Calendar_week":14,"Amount":2.0,"PickAndPay":1,"Revenue":476.52,"Invoice_Date":"2017-04-06","Article_Number":"110658000","Article_Name":"TOOTHED BELT 15X 5X 500","Order_Form_ID":"17c91a44cb25d40db1df4776a69d84f6"},{"Customer_Name":"C","Calendar_week":14,"Amount":1.0,"PickAndPay":1,"Revenue":1284.73,"Invoice_Date":"2017-04-06","Article_Number":"163270925","Article_Name":"SCRAPER BLADE CORRUDUR® 2550X50X1,5","Order_Form_ID":"17c91a44cb25d40db1df4776a69d84f6"},{"Customer_Name":"C","Calendar_week":15,"Amount":1.0,"PickAndPay":0,"Revenue":14716.25,"Invoice_Date":"2017-04-12","Article_Number":"101519000","Article_Name":"CARDAN SHAFT S= 270 X= 40","Order_Form_ID":"1193f4b0f921378f411ff33f57cdeb33"},{"Customer_Name":"C","Calendar_week":15,"Amount":1.0,"PickAndPay":0,"Revenue":192.37,"Invoice_Date":"2017-04-12","Article_Number":"118308700","Article_Name":"PACKING CHARGES (CARTON) 330X163X172 MM","Order_Form_ID":"1193f4b0f921378f411ff33f57cdeb33"},{"Customer_Name":"C","Calendar_week":15,"Amount":6.0,"PickAndPay":0,"Revenue":8527.57,"Invoice_Date":"2017-04-13","Article_Number":"105406902","Article_Name":"GRINDING WHEEL 50X10X16","Order_Form_ID":"ec72315d5578333cc6b14d07c5d2fbf3"},{"Customer_Name":"C","Calendar_week":15,"Amount":1.0,"PickAndPay":0,"Revenue":192.37,"Invoice_Date":"2017-04-13","Article_Number":"110991000","Article_Name":"PACKING CHARGES (CARTON) 200X200X80","Order_Form_ID":"ec72315d5578333cc6b14d07c5d2fbf3"},{"Customer_Name":"C","Calendar_week":17,"Amount":31.0,"PickAndPay":1,"Revenue":6661.9,"Invoice_Date":"2017-04-28","Article_Number":"106606930","Article_Name":"CLEAN-OUT FINGER 1,0X98X81.5","Order_Form_ID":"6be2cb445cc4f60279d46545c1e78855"},{"Customer_Name":"C","Calendar_week":17,"Amount":6.0,"PickAndPay":1,"Revenue":6867.45,"Invoice_Date":"2017-04-28","Article_Number":"105406902","Article_Name":"GRINDING WHEEL 50X10X16","Order_Form_ID":"6be2cb445cc4f60279d46545c1e78855"},{"Customer_Name":"C","Calendar_week":17,"Amount":62.0,"PickAndPay":1,"Revenue":3910.24,"Invoice_Date":"2017-04-28","Article_Number":"106606921","Article_Name":"CLEAN-OUT FINGER BL1.0X98X90LG","Order_Form_ID":"6be2cb445cc4f60279d46545c1e78855"},{"Customer_Name":"C","Calendar_week":17,"Amount":44.0,"PickAndPay":1,"Revenue":955.78,"Invoice_Date":"2017-04-28","Article_Number":"107254200","Article_Name":"FELT 60X45MMX10","Order_Form_ID":"6be2cb445cc4f60279d46545c1e78855"},{"Customer_Name":"C","Calendar_week":17,"Amount":3.0,"PickAndPay":1,"Revenue":13945.13,"Invoice_Date":"2017-04-28","Article_Number":"105303998","Article_Name":"DISC CUT KNIFE 240X1,2MM,28°","Order_Form_ID":"6be2cb445cc4f60279d46545c1e78855"},{"Customer_Name":"C","Calendar_week":18,"Amount":1.0,"PickAndPay":1,"Revenue":384.73,"Invoice_Date":"2017-05-02","Article_Number":"P030PA001","Article_Name":"PACKING","Order_Form_ID":"eac6e12f36e7da6b6a0c5b34f916a3d4"},{"Customer_Name":"C","Calendar_week":18,"Amount":1.0,"PickAndPay":1,"Revenue":2224.57,"Invoice_Date":"2017-05-02","Article_Number":"P030FR001","Article_Name":"FREIGHT CHARGES","Order_Form_ID":"eac6e12f36e7da6b6a0c5b34f916a3d4"},{"Customer_Name":"C","Calendar_week":18,"Amount":1.0,"PickAndPay":1,"Revenue":192.37,"Invoice_Date":"2017-05-04","Article_Number":"P030PA001","Article_Name":"PACKING","Order_Form_ID":"a7c46f4edc89e66f7297e234a4e2a35f"},{"Customer_Name":"C","Calendar_week":18,"Amount":1.0,"PickAndPay":1,"Revenue":3861.05,"Invoice_Date":"2017-05-04","Article_Number":"P030FR001","Article_Name":"FREIGHT CHARGES","Order_Form_ID":"a7c46f4edc89e66f7297e234a4e2a35f"},{"Customer_Name":"C","Calendar_week":21,"Amount":4.0,"PickAndPay":0,"Revenue":3145.73,"Invoice_Date":"2017-05-23","Article_Number":"185513.01","Article_Name":"SPRING ELEMENT 25X  31","Order_Form_ID":"24d7f1e06beefc8ad417dfdb302a9111"},{"Customer_Name":"C","Calendar_week":21,"Amount":1.0,"PickAndPay":0,"Revenue":192.37,"Invoice_Date":"2017-05-23","Article_Number":"110991000","Article_Name":"PACKING CHARGES (CARTON) 200X200X80","Order_Form_ID":"24d7f1e06beefc8ad417dfdb302a9111"},{"Customer_Name":"C","Calendar_week":22,"Amount":2.0,"PickAndPay":1,"Revenue":2289.15,"Invoice_Date":"2017-06-02","Article_Number":"105406902","Article_Name":"GRINDING WHEEL 50X10X16","Order_Form_ID":"27f793d5568ad41a6b9180699bdb065c"},{"Customer_Name":"C","Calendar_week":22,"Amount":42.0,"PickAndPay":1,"Revenue":912.36,"Invoice_Date":"2017-06-02","Article_Number":"107254200","Article_Name":"FELT 60X45MMX10","Order_Form_ID":"27f793d5568ad41a6b9180699bdb065c"},{"Customer_Name":"C","Calendar_week":22,"Amount":1.0,"PickAndPay":1,"Revenue":4648.38,"Invoice_Date":"2017-06-02","Article_Number":"105303998","Article_Name":"DISC CUT KNIFE 240X1,2MM,28°","Order_Form_ID":"27f793d5568ad41a6b9180699bdb065c"},{"Customer_Name":"C","Calendar_week":22,"Amount":1.0,"PickAndPay":1,"Revenue":44638.45,"Invoice_Date":"2017-06-02","Article_Number":"105073800","Article_Name":"KNIFE 2540X30X8 AB2500","Order_Form_ID":"27f793d5568ad41a6b9180699bdb065c"},{"Customer_Name":"C","Calendar_week":22,"Amount":1.0,"PickAndPay":1,"Revenue":44638.45,"Invoice_Date":"2017-06-02","Article_Number":"113115001","Article_Name":"UPPER KNIFE L=2540 AB=2500","Order_Form_ID":"27f793d5568ad41a6b9180699bdb065c"},{"Customer_Name":"C","Calendar_week":24,"Amount":1.0,"PickAndPay":0,"Revenue":19561.11,"Invoice_Date":"2017-06-14","Article_Number":"132936415","Article_Name":"FREQUENCY CONTROLLER 5,5A 1,5KW","Order_Form_ID":"3870221cb61be42056d0467ddc7945b8"},{"Customer_Name":"C","Calendar_week":24,"Amount":1.0,"PickAndPay":0,"Revenue":192.37,"Invoice_Date":"2017-06-14","Article_Number":"118308700","Article_Name":"PACKING CHARGES (CARTON) 330X163X172 MM","Order_Form_ID":"3870221cb61be42056d0467ddc7945b8"},{"Customer_Name":"C","Calendar_week":25,"Amount":4.0,"PickAndPay":1,"Revenue":4578.3,"Invoice_Date":"2017-06-20","Article_Number":"105406902","Article_Name":"GRINDING WHEEL 50X10X16","Order_Form_ID":"d853665252824bb6f1b53ec81857e49d"},{"Customer_Name":"C","Calendar_week":25,"Amount":2.0,"PickAndPay":1,"Revenue":3036.63,"Invoice_Date":"2017-06-20","Article_Number":"111125301","Article_Name":"GLUE DAM JOINT 3X260X220","Order_Form_ID":"d853665252824bb6f1b53ec81857e49d"},{"Customer_Name":"C","Calendar_week":25,"Amount":42.0,"PickAndPay":1,"Revenue":912.36,"Invoice_Date":"2017-06-20","Article_Number":"107254200","Article_Name":"FELT 60X45MMX10","Order_Form_ID":"d853665252824bb6f1b53ec81857e49d"},{"Customer_Name":"C","Calendar_week":25,"Amount":2.0,"PickAndPay":1,"Revenue":2756.32,"Invoice_Date":"2017-06-20","Article_Number":"111125199","Article_Name":"GLUE DAM JOINT 3X128X197","Order_Form_ID":"d853665252824bb6f1b53ec81857e49d"},{"Customer_Name":"C","Calendar_week":25,"Amount":2.0,"PickAndPay":1,"Revenue":2756.32,"Invoice_Date":"2017-06-20","Article_Number":"111125198","Article_Name":"GLUE DAM JOINT 3X128X197","Order_Form_ID":"d853665252824bb6f1b53ec81857e49d"},{"Customer_Name":"C","Calendar_week":25,"Amount":2.0,"PickAndPay":1,"Revenue":9296.76,"Invoice_Date":"2017-06-20","Article_Number":"105303998","Article_Name":"DISC CUT KNIFE 240X1,2MM,28°","Order_Form_ID":"d853665252824bb6f1b53ec81857e49d"},{"Customer_Name":"C","Calendar_week":25,"Amount":1.0,"PickAndPay":1,"Revenue":1284.73,"Invoice_Date":"2017-06-20","Article_Number":"163270925","Article_Name":"SCRAPER BLADE CORRUDUR® 2550X50X1,5","Order_Form_ID":"d853665252824bb6f1b53ec81857e49d"},{"Customer_Name":"C","Calendar_week":25,"Amount":1.0,"PickAndPay":1,"Revenue":192.37,"Invoice_Date":"2017-06-20","Article_Number":"P030PA001","Article_Name":"PACKING","Order_Form_ID":"d412400bf3fe300d68a4e88d3bd3d24d"},{"Customer_Name":"C","Calendar_week":25,"Amount":1.0,"PickAndPay":1,"Revenue":3759.37,"Invoice_Date":"2017-06-20","Article_Number":"P030FR001","Article_Name":"FREIGHT CHARGES","Order_Form_ID":"d412400bf3fe300d68a4e88d3bd3d24d"},{"Customer_Name":"C","Calendar_week":25,"Amount":1.0,"PickAndPay":1,"Revenue":192.37,"Invoice_Date":"2017-06-21","Article_Number":"P030PA001","Article_Name":"PACKING","Order_Form_ID":"ed5a3c2a1702641ef3d47eaee6bdccef"},{"Customer_Name":"C","Calendar_week":25,"Amount":1.0,"PickAndPay":1,"Revenue":2459.53,"Invoice_Date":"2017-06-21","Article_Number":"P030FR001","Article_Name":"FREIGHT CHARGES","Order_Form_ID":"ed5a3c2a1702641ef3d47eaee6bdccef"},{"Customer_Name":"C","Calendar_week":25,"Amount":1.0,"PickAndPay":1,"Revenue":2965.45,"Invoice_Date":"2017-06-22","Article_Number":"P030FR001","Article_Name":"FREIGHT CHARGES","Order_Form_ID":"afe8bdb61be91774f929d0fd2fa2b151"},{"Customer_Name":"C","Calendar_week":25,"Amount":1.0,"PickAndPay":1,"Revenue":192.37,"Invoice_Date":"2017-06-22","Article_Number":"P030PA001","Article_Name":"PACKING","Order_Form_ID":"afe8bdb61be91774f929d0fd2fa2b151"},{"Customer_Name":"C","Calendar_week":25,"Amount":1.0,"PickAndPay":1,"Revenue":1374.04,"Invoice_Date":"2017-06-22","Article_Number":"P030PA001","Article_Name":"PACKING","Order_Form_ID":"afe8bdb61be91774f929d0fd2fa2b151"},{"Customer_Name":"C","Calendar_week":26,"Amount":4.0,"PickAndPay":0,"Revenue":6146.08,"Invoice_Date":"2017-06-26","Article_Number":"600703","Article_Name":"AIR FILTER R 1\/2\"","Order_Form_ID":"51a86e5f3ddb0ae7559e480f4ec7c1d9"},{"Customer_Name":"C","Calendar_week":26,"Amount":1.0,"PickAndPay":0,"Revenue":192.37,"Invoice_Date":"2017-06-26","Article_Number":"118308200","Article_Name":"PACKING CHARGES (CARTON) 350X60X350 MM","Order_Form_ID":"51a86e5f3ddb0ae7559e480f4ec7c1d9"},{"Customer_Name":"C","Calendar_week":27,"Amount":2.0,"PickAndPay":1,"Revenue":2289.15,"Invoice_Date":"2017-07-04","Article_Number":"105406902","Article_Name":"GRINDING WHEEL 50X10X16","Order_Form_ID":"39b3b54f4354bd0b4ec5ef28be195631"},{"Customer_Name":"C","Calendar_week":27,"Amount":25.0,"PickAndPay":1,"Revenue":9320.12,"Invoice_Date":"2017-07-04","Article_Number":"107440100","Article_Name":"NAP FOIL 120 MM BR\/25 M","Order_Form_ID":"39b3b54f4354bd0b4ec5ef28be195631"},{"Customer_Name":"C","Calendar_week":27,"Amount":2.0,"PickAndPay":1,"Revenue":957.71,"Invoice_Date":"2017-07-04","Article_Number":"185951","Article_Name":"TOOTHED BELT HTD 30X 8X1120","Order_Form_ID":"39b3b54f4354bd0b4ec5ef28be195631"},{"Customer_Name":"C","Calendar_week":27,"Amount":2.0,"PickAndPay":1,"Revenue":962.38,"Invoice_Date":"2017-07-04","Article_Number":"101284300","Article_Name":"TOOTHED BELT HTD 20X 8X1600","Order_Form_ID":"39b3b54f4354bd0b4ec5ef28be195631"},{"Customer_Name":"C","Calendar_week":27,"Amount":2.0,"PickAndPay":1,"Revenue":3316.93,"Invoice_Date":"2017-07-04","Article_Number":"181302","Article_Name":"SEALING RING 89,1X59,7X19,5 MM","Order_Form_ID":"39b3b54f4354bd0b4ec5ef28be195631"},{"Customer_Name":"C","Calendar_week":27,"Amount":1.0,"PickAndPay":1,"Revenue":434.47,"Invoice_Date":"2017-07-04","Article_Number":"101641600","Article_Name":"TOOTHED BELT HTD 18X 5X 700","Order_Form_ID":"39b3b54f4354bd0b4ec5ef28be195631"},{"Customer_Name":"C","Calendar_week":27,"Amount":1.0,"PickAndPay":1,"Revenue":327.02,"Invoice_Date":"2017-07-04","Article_Number":"105535600","Article_Name":"TOOTHED BELT 18X 5X 560","Order_Form_ID":"39b3b54f4354bd0b4ec5ef28be195631"},{"Customer_Name":"C","Calendar_week":27,"Amount":-2.0,"PickAndPay":1,"Revenue":-2289.15,"Invoice_Date":"2017-07-04","Article_Number":"105406902","Article_Name":"GRINDING WHEEL 50X10X16","Order_Form_ID":"9a1c9eb31d53e15c4cdf5f4387c5a85b"},{"Customer_Name":"C","Calendar_week":27,"Amount":-25.0,"PickAndPay":1,"Revenue":-9320.12,"Invoice_Date":"2017-07-04","Article_Number":"107440100","Article_Name":"NAP FOIL 120 MM BR\/25 M","Order_Form_ID":"9a1c9eb31d53e15c4cdf5f4387c5a85b"},{"Customer_Name":"C","Calendar_week":27,"Amount":-2.0,"PickAndPay":1,"Revenue":-957.71,"Invoice_Date":"2017-07-04","Article_Number":"185951","Article_Name":"TOOTHED BELT HTD 30X 8X1120","Order_Form_ID":"9a1c9eb31d53e15c4cdf5f4387c5a85b"},{"Customer_Name":"C","Calendar_week":27,"Amount":-2.0,"PickAndPay":1,"Revenue":-962.38,"Invoice_Date":"2017-07-04","Article_Number":"101284300","Article_Name":"TOOTHED BELT HTD 20X 8X1600","Order_Form_ID":"9a1c9eb31d53e15c4cdf5f4387c5a85b"},{"Customer_Name":"C","Calendar_week":27,"Amount":-2.0,"PickAndPay":1,"Revenue":-3316.93,"Invoice_Date":"2017-07-04","Article_Number":"181302","Article_Name":"SEALING RING 89,1X59,7X19,5 MM","Order_Form_ID":"9a1c9eb31d53e15c4cdf5f4387c5a85b"},{"Customer_Name":"C","Calendar_week":27,"Amount":-1.0,"PickAndPay":1,"Revenue":-434.47,"Invoice_Date":"2017-07-04","Article_Number":"101641600","Article_Name":"TOOTHED BELT HTD 18X 5X 700","Order_Form_ID":"9a1c9eb31d53e15c4cdf5f4387c5a85b"},{"Customer_Name":"C","Calendar_week":27,"Amount":-1.0,"PickAndPay":1,"Revenue":-327.02,"Invoice_Date":"2017-07-04","Article_Number":"105535600","Article_Name":"TOOTHED BELT 18X 5X 560","Order_Form_ID":"9a1c9eb31d53e15c4cdf5f4387c5a85b"},{"Customer_Name":"C","Calendar_week":27,"Amount":2.0,"PickAndPay":1,"Revenue":2289.15,"Invoice_Date":"2017-07-05","Article_Number":"105406902","Article_Name":"GRINDING WHEEL 50X10X16","Order_Form_ID":"412f3915b77d8b61c51ed4d99cd87764"},{"Customer_Name":"C","Calendar_week":27,"Amount":25.0,"PickAndPay":1,"Revenue":9320.12,"Invoice_Date":"2017-07-05","Article_Number":"107440100","Article_Name":"NAP FOIL 120 MM BR\/25 M","Order_Form_ID":"412f3915b77d8b61c51ed4d99cd87764"},{"Customer_Name":"C","Calendar_week":27,"Amount":2.0,"PickAndPay":1,"Revenue":957.71,"Invoice_Date":"2017-07-05","Article_Number":"185951","Article_Name":"TOOTHED BELT HTD 30X 8X1120","Order_Form_ID":"412f3915b77d8b61c51ed4d99cd87764"},{"Customer_Name":"C","Calendar_week":27,"Amount":2.0,"PickAndPay":1,"Revenue":962.38,"Invoice_Date":"2017-07-05","Article_Number":"101284300","Article_Name":"TOOTHED BELT HTD 20X 8X1600","Order_Form_ID":"412f3915b77d8b61c51ed4d99cd87764"},{"Customer_Name":"C","Calendar_week":27,"Amount":2.0,"PickAndPay":1,"Revenue":3316.93,"Invoice_Date":"2017-07-05","Article_Number":"181302","Article_Name":"SEALING RING 89,1X59,7X19,5 MM","Order_Form_ID":"412f3915b77d8b61c51ed4d99cd87764"},{"Customer_Name":"C","Calendar_week":27,"Amount":1.0,"PickAndPay":1,"Revenue":434.47,"Invoice_Date":"2017-07-05","Article_Number":"101641600","Article_Name":"TOOTHED BELT HTD 18X 5X 700","Order_Form_ID":"412f3915b77d8b61c51ed4d99cd87764"},{"Customer_Name":"C","Calendar_week":27,"Amount":1.0,"PickAndPay":1,"Revenue":327.02,"Invoice_Date":"2017-07-05","Article_Number":"105535600","Article_Name":"TOOTHED BELT 18X 5X 560","Order_Form_ID":"412f3915b77d8b61c51ed4d99cd87764"},{"Customer_Name":"C","Calendar_week":27,"Amount":1.0,"PickAndPay":1,"Revenue":327.02,"Invoice_Date":"2017-07-05","Article_Number":"105535600","Article_Name":"TOOTHED BELT 18X 5X 560","Order_Form_ID":"412f3915b77d8b61c51ed4d99cd87764"},{"Customer_Name":"C","Calendar_week":27,"Amount":14.0,"PickAndPay":1,"Revenue":304.21,"Invoice_Date":"2017-07-07","Article_Number":"107254200","Article_Name":"FELT 60X45MMX10","Order_Form_ID":"3c8cc1bc53e4e302c90848e6cd3a3a27"},{"Customer_Name":"C","Calendar_week":28,"Amount":6.0,"PickAndPay":1,"Revenue":6867.45,"Invoice_Date":"2017-07-14","Article_Number":"105406902","Article_Name":"GRINDING WHEEL 50X10X16","Order_Form_ID":"5c0fc0d7d7f04fa674227ea47a474500"},{"Customer_Name":"C","Calendar_week":28,"Amount":3.0,"PickAndPay":1,"Revenue":13945.13,"Invoice_Date":"2017-07-14","Article_Number":"105303998","Article_Name":"DISC CUT KNIFE 240X1,2MM,28°","Order_Form_ID":"5c0fc0d7d7f04fa674227ea47a474500"},{"Customer_Name":"C","Calendar_week":29,"Amount":1.0,"PickAndPay":0,"Revenue":49590.49,"Invoice_Date":"2017-07-17","Article_Number":"109152510","Article_Name":"SERVO CONTROLLER BUM 616-12\/18","Order_Form_ID":"e2e5eb59afe266f9dce652cf57771fc2"},{"Customer_Name":"C","Calendar_week":29,"Amount":1.0,"PickAndPay":0,"Revenue":192.37,"Invoice_Date":"2017-07-17","Article_Number":"V00000025","Article_Name":"PACKING CHARGES (CARTON)","Order_Form_ID":"e2e5eb59afe266f9dce652cf57771fc2"},{"Customer_Name":"C","Calendar_week":29,"Amount":1.0,"PickAndPay":1,"Revenue":44638.45,"Invoice_Date":"2017-07-20","Article_Number":"105073800","Article_Name":"KNIFE 2540X30X8 AB2500","Order_Form_ID":"e65f24365485753025130b114b4f194b"},{"Customer_Name":"C","Calendar_week":29,"Amount":1.0,"PickAndPay":1,"Revenue":44638.45,"Invoice_Date":"2017-07-20","Article_Number":"113115001","Article_Name":"UPPER KNIFE L=2540 AB=2500","Order_Form_ID":"e65f24365485753025130b114b4f194b"},{"Customer_Name":"C","Calendar_week":29,"Amount":1.0,"PickAndPay":1,"Revenue":197.86,"Invoice_Date":"2017-07-20","Article_Number":"P030PA001","Article_Name":"PACKING","Order_Form_ID":"45e193973b5badceb15f2ef8cf821b7b"},{"Customer_Name":"C","Calendar_week":29,"Amount":1.0,"PickAndPay":1,"Revenue":2521.91,"Invoice_Date":"2017-07-20","Article_Number":"P030FR001","Article_Name":"FREIGHT CHARGES","Order_Form_ID":"45e193973b5badceb15f2ef8cf821b7b"},{"Customer_Name":"C","Calendar_week":29,"Amount":1.0,"PickAndPay":1,"Revenue":3521.67,"Invoice_Date":"2017-07-20","Article_Number":"P030FR001","Article_Name":"FREIGHT CHARGES","Order_Form_ID":"4615ae387b27fbd31bd04b304d560051"},{"Customer_Name":"C","Calendar_week":29,"Amount":1.0,"PickAndPay":1,"Revenue":197.86,"Invoice_Date":"2017-07-20","Article_Number":"P030PA001","Article_Name":"PACKING","Order_Form_ID":"4615ae387b27fbd31bd04b304d560051"},{"Customer_Name":"C","Calendar_week":27,"Amount":-14.0,"PickAndPay":1,"Revenue":-304.21,"Invoice_Date":"2017-07-07","Article_Number":"107254200","Article_Name":"FELT 60X45MMX10","Order_Form_ID":"8f92ac685c6a1f210fd893cca9bd5974"},{"Customer_Name":"C","Calendar_week":30,"Amount":1.0,"PickAndPay":1,"Revenue":1374.04,"Invoice_Date":"2017-07-27","Article_Number":"P030PA001","Article_Name":"PACKING","Order_Form_ID":"a1ca76213a88ed4e1d561dab1449f47f"},{"Customer_Name":"C","Calendar_week":30,"Amount":1.0,"PickAndPay":1,"Revenue":1231.41,"Invoice_Date":"2017-07-27","Article_Number":"P030FR001","Article_Name":"FREIGHT CHARGES","Order_Form_ID":"a1ca76213a88ed4e1d561dab1449f47f"},{"Customer_Name":"C","Calendar_week":31,"Amount":4.0,"PickAndPay":1,"Revenue":4578.3,"Invoice_Date":"2017-07-31","Article_Number":"105406902","Article_Name":"GRINDING WHEEL 50X10X16","Order_Form_ID":"b8ec5c7ff1c5216196724fb8798e0a70"},{"Customer_Name":"C","Calendar_week":31,"Amount":2.0,"PickAndPay":1,"Revenue":43.42,"Invoice_Date":"2017-07-31","Article_Number":"107254200","Article_Name":"FELT 60X45MMX10","Order_Form_ID":"b8ec5c7ff1c5216196724fb8798e0a70"},{"Customer_Name":"C","Calendar_week":31,"Amount":14.0,"PickAndPay":1,"Revenue":304.21,"Invoice_Date":"2017-07-31","Article_Number":"107254200","Article_Name":"FELT 60X45MMX10","Order_Form_ID":"b8ec5c7ff1c5216196724fb8798e0a70"},{"Customer_Name":"C","Calendar_week":31,"Amount":1.0,"PickAndPay":1,"Revenue":3830.82,"Invoice_Date":"2017-07-31","Article_Number":"107988610","Article_Name":"TOOTHED BELT HTD 50X8MX2000 CXP","Order_Form_ID":"b8ec5c7ff1c5216196724fb8798e0a70"},{"Customer_Name":"C","Calendar_week":31,"Amount":3.0,"PickAndPay":1,"Revenue":13945.13,"Invoice_Date":"2017-07-31","Article_Number":"105303998","Article_Name":"DISC CUT KNIFE 240X1,2MM,28°","Order_Form_ID":"b8ec5c7ff1c5216196724fb8798e0a70"},{"Customer_Name":"C","Calendar_week":31,"Amount":1.0,"PickAndPay":1,"Revenue":197.86,"Invoice_Date":"2017-08-04","Article_Number":"P030PA001","Article_Name":"PACKING","Order_Form_ID":"b86fe834e9e8fd67364c2d013c77cf2d"},{"Customer_Name":"C","Calendar_week":31,"Amount":1.0,"PickAndPay":1,"Revenue":2709.61,"Invoice_Date":"2017-08-04","Article_Number":"P030FR001","Article_Name":"FREIGHT CHARGES","Order_Form_ID":"b86fe834e9e8fd67364c2d013c77cf2d"},{"Customer_Name":"C","Calendar_week":32,"Amount":4.0,"PickAndPay":0,"Revenue":510.04,"Invoice_Date":"2017-08-09","Article_Number":"122709","Article_Name":"DISK 12","Order_Form_ID":"82b681306e055dd150b7b57efc4be600"},{"Customer_Name":"C","Calendar_week":32,"Amount":4.0,"PickAndPay":0,"Revenue":1173.98,"Invoice_Date":"2017-08-09","Article_Number":"122332","Article_Name":"HEXAGONAL NUT M12","Order_Form_ID":"82b681306e055dd150b7b57efc4be600"},{"Customer_Name":"C","Calendar_week":32,"Amount":3.0,"PickAndPay":0,"Revenue":1547.17,"Invoice_Date":"2017-08-09","Article_Number":"131672110","Article_Name":"O-RING 53,57X3,53","Order_Form_ID":"82b681306e055dd150b7b57efc4be600"},{"Customer_Name":"C","Calendar_week":32,"Amount":1.0,"PickAndPay":0,"Revenue":192.37,"Invoice_Date":"2017-08-09","Article_Number":"110991000","Article_Name":"PACKING CHARGES (CARTON) 200X200X80","Order_Form_ID":"82b681306e055dd150b7b57efc4be600"},{"Customer_Name":"C","Calendar_week":34,"Amount":1.0,"PickAndPay":0,"Revenue":51228.34,"Invoice_Date":"2017-08-23","Article_Number":"109152510","Article_Name":"SERVO CONTROLLER BUM 616-12\/18","Order_Form_ID":"fa0903f168ef0351bef85f1ac4aea268"},{"Customer_Name":"C","Calendar_week":34,"Amount":1.0,"PickAndPay":0,"Revenue":192.37,"Invoice_Date":"2017-08-23","Article_Number":"110991004","Article_Name":"PACKING CHARGES (CARTON) 610X410X230","Order_Form_ID":"fa0903f168ef0351bef85f1ac4aea268"},{"Customer_Name":"C","Calendar_week":37,"Amount":2.0,"PickAndPay":0,"Revenue":5249.93,"Invoice_Date":"2017-09-11","Article_Number":"108224310","Article_Name":"SEAL 15X175X71  CUZN","Order_Form_ID":"5d6e792990e83d1267086a71ccd14519"},{"Customer_Name":"C","Calendar_week":37,"Amount":2.0,"PickAndPay":0,"Revenue":6615.18,"Invoice_Date":"2017-09-11","Article_Number":"108224010","Article_Name":"SEAL 10X245X223,5","Order_Form_ID":"5d6e792990e83d1267086a71ccd14519"},{"Customer_Name":"C","Calendar_week":37,"Amount":1.0,"PickAndPay":0,"Revenue":192.37,"Invoice_Date":"2017-09-11","Article_Number":"118308700","Article_Name":"PACKING CHARGES (CARTON) 330X163X172 MM","Order_Form_ID":"5d6e792990e83d1267086a71ccd14519"},{"Customer_Name":"C","Calendar_week":37,"Amount":80.0,"PickAndPay":1,"Revenue":17191.99,"Invoice_Date":"2017-09-14","Article_Number":"106606930","Article_Name":"CLEAN-OUT FINGER 1,0X98X81.5","Order_Form_ID":"8dddd2c97f56f4e8e8a8d63e50ea0c36"},{"Customer_Name":"C","Calendar_week":37,"Amount":8.0,"PickAndPay":1,"Revenue":9156.6,"Invoice_Date":"2017-09-14","Article_Number":"105406902","Article_Name":"GRINDING WHEEL 50X10X16","Order_Form_ID":"8dddd2c97f56f4e8e8a8d63e50ea0c36"},{"Customer_Name":"C","Calendar_week":37,"Amount":1.0,"PickAndPay":1,"Revenue":160030.35,"Invoice_Date":"2017-09-14","Article_Number":"118027801","Article_Name":"PRESSURE BELT I-QUALITY 2540X 2800","Order_Form_ID":"8dddd2c97f56f4e8e8a8d63e50ea0c36"},{"Customer_Name":"C","Calendar_week":37,"Amount":28.0,"PickAndPay":1,"Revenue":608.15,"Invoice_Date":"2017-09-14","Article_Number":"107254200","Article_Name":"FELT 60X45MMX10","Order_Form_ID":"8dddd2c97f56f4e8e8a8d63e50ea0c36"},{"Customer_Name":"C","Calendar_week":37,"Amount":3.0,"PickAndPay":1,"Revenue":13945.13,"Invoice_Date":"2017-09-14","Article_Number":"105303998","Article_Name":"DISC CUT KNIFE 240X1,2MM,28°","Order_Form_ID":"8dddd2c97f56f4e8e8a8d63e50ea0c36"},{"Customer_Name":"C","Calendar_week":39,"Amount":1.0,"PickAndPay":0,"Revenue":2969.3,"Invoice_Date":"2017-09-26","Article_Number":"135620122","Article_Name":"CARBON BRUSH","Order_Form_ID":"4884a50e5c5e9ba77a994fba15384111"},{"Customer_Name":"C","Calendar_week":39,"Amount":1.0,"PickAndPay":0,"Revenue":192.37,"Invoice_Date":"2017-09-26","Article_Number":"110991000","Article_Name":"PACKING CHARGES (CARTON) 200X200X80","Order_Form_ID":"4884a50e5c5e9ba77a994fba15384111"},{"Customer_Name":"C","Calendar_week":40,"Amount":2.0,"PickAndPay":0,"Revenue":15885.83,"Invoice_Date":"2017-10-06","Article_Number":"102321501","Article_Name":"FLEXIBLE HOSE D-140X 2000LG","Order_Form_ID":"f6764834101d88e3fc9c77c14c3c972f"},{"Customer_Name":"C","Calendar_week":40,"Amount":2.0,"PickAndPay":0,"Revenue":4373.3,"Invoice_Date":"2017-10-06","Article_Number":"108224110","Article_Name":"SEAL 10X173X100,5","Order_Form_ID":"f6764834101d88e3fc9c77c14c3c972f"},{"Customer_Name":"C","Calendar_week":40,"Amount":2.0,"PickAndPay":0,"Revenue":9888.97,"Invoice_Date":"2017-10-06","Article_Number":"102429401","Article_Name":"SEAL 10X360X205","Order_Form_ID":"f6764834101d88e3fc9c77c14c3c972f"},{"Customer_Name":"C","Calendar_week":40,"Amount":1.0,"PickAndPay":0,"Revenue":9361.61,"Invoice_Date":"2017-10-06","Article_Number":"102321500","Article_Name":"FLEXIBLE HOSE D-140X 3000LG","Order_Form_ID":"f6764834101d88e3fc9c77c14c3c972f"},{"Customer_Name":"C","Calendar_week":40,"Amount":11.0,"PickAndPay":0,"Revenue":13229.81,"Invoice_Date":"2017-10-06","Article_Number":"135620122","Article_Name":"CARBON BRUSH","Order_Form_ID":"f6764834101d88e3fc9c77c14c3c972f"},{"Customer_Name":"C","Calendar_week":40,"Amount":1.0,"PickAndPay":0,"Revenue":1099.23,"Invoice_Date":"2017-10-06","Article_Number":"110680400","Article_Name":"PACKING CHARGES (PAL-BOX I) 830X580X680","Order_Form_ID":"f6764834101d88e3fc9c77c14c3c972f"},{"Customer_Name":"C","Calendar_week":41,"Amount":2.0,"PickAndPay":1,"Revenue":2289.15,"Invoice_Date":"2017-10-11","Article_Number":"105406902","Article_Name":"GRINDING WHEEL 50X10X16","Order_Form_ID":"27fbeb97ccb44f80fb095cf48225f324"},{"Customer_Name":"C","Calendar_week":41,"Amount":2.0,"PickAndPay":1,"Revenue":3036.63,"Invoice_Date":"2017-10-11","Article_Number":"111125301","Article_Name":"GLUE DAM JOINT 3X260X220","Order_Form_ID":"27fbeb97ccb44f80fb095cf48225f324"},{"Customer_Name":"C","Calendar_week":41,"Amount":28.0,"PickAndPay":1,"Revenue":608.15,"Invoice_Date":"2017-10-11","Article_Number":"107254200","Article_Name":"FELT 60X45MMX10","Order_Form_ID":"27fbeb97ccb44f80fb095cf48225f324"},{"Customer_Name":"C","Calendar_week":41,"Amount":1.0,"PickAndPay":1,"Revenue":1378.16,"Invoice_Date":"2017-10-11","Article_Number":"111125199","Article_Name":"GLUE DAM JOINT 3X128X197","Order_Form_ID":"27fbeb97ccb44f80fb095cf48225f324"},{"Customer_Name":"C","Calendar_week":41,"Amount":1.0,"PickAndPay":1,"Revenue":1378.16,"Invoice_Date":"2017-10-11","Article_Number":"111125198","Article_Name":"GLUE DAM JOINT 3X128X197","Order_Form_ID":"27fbeb97ccb44f80fb095cf48225f324"},{"Customer_Name":"C","Calendar_week":41,"Amount":4.0,"PickAndPay":1,"Revenue":18593.51,"Invoice_Date":"2017-10-11","Article_Number":"105303998","Article_Name":"DISC CUT KNIFE 240X1,2MM,28°","Order_Form_ID":"27fbeb97ccb44f80fb095cf48225f324"},{"Customer_Name":"C","Calendar_week":41,"Amount":1.0,"PickAndPay":0,"Revenue":40225.3,"Invoice_Date":"2017-10-13","Article_Number":"108633400","Article_Name":"TRANSMITTER 2*4096","Order_Form_ID":"0cf2766255c0aedd86df04b49ef519eb"},{"Customer_Name":"C","Calendar_week":41,"Amount":1.0,"PickAndPay":0,"Revenue":192.37,"Invoice_Date":"2017-10-13","Article_Number":"110991001","Article_Name":"PACKING CHARGES (CARTON) 200X200X150","Order_Form_ID":"0cf2766255c0aedd86df04b49ef519eb"},{"Customer_Name":"C","Calendar_week":42,"Amount":-4.0,"PickAndPay":0,"Revenue":-67.33,"Invoice_Date":"2017-10-16","Article_Number":"122709","Article_Name":"DISK 12","Order_Form_ID":"bdff3b5114eff46967f9aaa937cd5e00"},{"Customer_Name":"C","Calendar_week":42,"Amount":-4.0,"PickAndPay":0,"Revenue":-67.33,"Invoice_Date":"2017-10-16","Article_Number":"122332","Article_Name":"HEXAGONAL NUT M12","Order_Form_ID":"bdff3b5114eff46967f9aaa937cd5e00"},{"Customer_Name":"C","Calendar_week":42,"Amount":-3.0,"PickAndPay":0,"Revenue":-1436.42,"Invoice_Date":"2017-10-16","Article_Number":"131672110","Article_Name":"O-RING 53,57X3,53","Order_Form_ID":"bdff3b5114eff46967f9aaa937cd5e00"},{"Customer_Name":"C","Calendar_week":42,"Amount":-1.0,"PickAndPay":0,"Revenue":-192.37,"Invoice_Date":"2017-10-16","Article_Number":"110991000","Article_Name":"PACKING CHARGES (CARTON) 200X200X80","Order_Form_ID":"bdff3b5114eff46967f9aaa937cd5e00"},{"Customer_Name":"C","Calendar_week":44,"Amount":6.0,"PickAndPay":1,"Revenue":6867.45,"Invoice_Date":"2017-10-31","Article_Number":"105406902","Article_Name":"GRINDING WHEEL 50X10X16","Order_Form_ID":"278fe65445e08b64972c0c6a4c6e5a6a"},{"Customer_Name":"C","Calendar_week":44,"Amount":28.0,"PickAndPay":1,"Revenue":608.15,"Invoice_Date":"2017-10-31","Article_Number":"107254200","Article_Name":"FELT 60X45MMX10","Order_Form_ID":"278fe65445e08b64972c0c6a4c6e5a6a"},{"Customer_Name":"C","Calendar_week":44,"Amount":1.0,"PickAndPay":1,"Revenue":1378.16,"Invoice_Date":"2017-10-31","Article_Number":"111125198","Article_Name":"GLUE DAM JOINT 3X128X197","Order_Form_ID":"278fe65445e08b64972c0c6a4c6e5a6a"},{"Customer_Name":"C","Calendar_week":44,"Amount":10.0,"PickAndPay":1,"Revenue":4788.53,"Invoice_Date":"2017-10-31","Article_Number":"123052320","Article_Name":"NO-CRUSH-ROLLER 165X65X50","Order_Form_ID":"278fe65445e08b64972c0c6a4c6e5a6a"},{"Customer_Name":"C","Calendar_week":44,"Amount":3.0,"PickAndPay":1,"Revenue":13945.13,"Invoice_Date":"2017-10-31","Article_Number":"105303998","Article_Name":"DISC CUT KNIFE 240X1,2MM,28°","Order_Form_ID":"278fe65445e08b64972c0c6a4c6e5a6a"},{"Customer_Name":"C","Calendar_week":44,"Amount":10.0,"PickAndPay":0,"Revenue":6102.39,"Invoice_Date":"2017-11-03","Article_Number":"103422800","Article_Name":"MAGNET D50X10XM 6","Order_Form_ID":"0878aadd29c4ef0ba4114e9dbf1d0d8f"},{"Customer_Name":"C","Calendar_week":44,"Amount":10.0,"PickAndPay":0,"Revenue":1021.19,"Invoice_Date":"2017-11-03","Article_Number":"122580","Article_Name":"KNURLED SCREW M6X10","Order_Form_ID":"0878aadd29c4ef0ba4114e9dbf1d0d8f"},{"Customer_Name":"C","Calendar_week":44,"Amount":1.0,"PickAndPay":0,"Revenue":192.37,"Invoice_Date":"2017-11-03","Article_Number":"110991001","Article_Name":"PACKING CHARGES (CARTON) 200X200X150","Order_Form_ID":"0878aadd29c4ef0ba4114e9dbf1d0d8f"},{"Customer_Name":"C","Calendar_week":45,"Amount":2.0,"PickAndPay":1,"Revenue":2289.15,"Invoice_Date":"2017-11-06","Article_Number":"105406902","Article_Name":"GRINDING WHEEL 50X10X16","Order_Form_ID":"4292b474acb66cb07699f04bed559359"},{"Customer_Name":"C","Calendar_week":45,"Amount":1.0,"PickAndPay":1,"Revenue":4648.38,"Invoice_Date":"2017-11-06","Article_Number":"105303998","Article_Name":"DISC CUT KNIFE 240X1,2MM,28°","Order_Form_ID":"4292b474acb66cb07699f04bed559359"},{"Customer_Name":"C","Calendar_week":46,"Amount":2.0,"PickAndPay":0,"Revenue":4588.2,"Invoice_Date":"2017-11-17","Article_Number":"184288.08","Article_Name":"SCRAPER BLADE 2565X50X0,8","Order_Form_ID":"8da5186edd0a6be86e81d1007758f7ae"},{"Customer_Name":"C","Calendar_week":46,"Amount":1.0,"PickAndPay":0,"Revenue":192.37,"Invoice_Date":"2017-11-17","Article_Number":"118308200","Article_Name":"PACKING CHARGES (CARTON) 350X60X350 MM","Order_Form_ID":"8da5186edd0a6be86e81d1007758f7ae"},{"Customer_Name":"C","Calendar_week":47,"Amount":1.0,"PickAndPay":1,"Revenue":197.86,"Invoice_Date":"2017-11-21","Article_Number":"P030PA001","Article_Name":"PACKING","Order_Form_ID":"a283ae8316256b64b7281ba7a8080c83"},{"Customer_Name":"C","Calendar_week":47,"Amount":1.0,"PickAndPay":1,"Revenue":1660.12,"Invoice_Date":"2017-11-21","Article_Number":"P030FR001","Article_Name":"FREIGHT CHARGES","Order_Form_ID":"a283ae8316256b64b7281ba7a8080c83"},{"Customer_Name":"C","Calendar_week":47,"Amount":20.0,"PickAndPay":0,"Revenue":2595.29,"Invoice_Date":"2017-11-23","Article_Number":"142697101","Article_Name":"FLAT SPRING 0,5X10X17X91","Order_Form_ID":"8c3f0b2d6790852e8e9e4bb5054d01e3"},{"Customer_Name":"C","Calendar_week":47,"Amount":40.0,"PickAndPay":0,"Revenue":1087.69,"Invoice_Date":"2017-11-23","Article_Number":"111436100","Article_Name":"ROUND HEAD GROOVED PIN 3X8","Order_Form_ID":"8c3f0b2d6790852e8e9e4bb5054d01e3"},{"Customer_Name":"C","Calendar_week":47,"Amount":1.0,"PickAndPay":0,"Revenue":192.37,"Invoice_Date":"2017-11-23","Article_Number":"110991000","Article_Name":"PACKING CHARGES (CARTON) 200X200X80","Order_Form_ID":"8c3f0b2d6790852e8e9e4bb5054d01e3"},{"Customer_Name":"C","Calendar_week":47,"Amount":6.0,"PickAndPay":1,"Revenue":6867.45,"Invoice_Date":"2017-11-23","Article_Number":"105406902","Article_Name":"GRINDING WHEEL 50X10X16","Order_Form_ID":"3f00bab88153f46b3a28845c94569c58"},{"Customer_Name":"C","Calendar_week":47,"Amount":28.0,"PickAndPay":1,"Revenue":608.15,"Invoice_Date":"2017-11-23","Article_Number":"107254200","Article_Name":"FELT 60X45MMX10","Order_Form_ID":"3f00bab88153f46b3a28845c94569c58"},{"Customer_Name":"C","Calendar_week":47,"Amount":1.0,"PickAndPay":1,"Revenue":1378.16,"Invoice_Date":"2017-11-23","Article_Number":"111125198","Article_Name":"GLUE DAM JOINT 3X128X197","Order_Form_ID":"3f00bab88153f46b3a28845c94569c58"},{"Customer_Name":"C","Calendar_week":47,"Amount":10.0,"PickAndPay":1,"Revenue":4788.53,"Invoice_Date":"2017-11-23","Article_Number":"123052320","Article_Name":"NO-CRUSH-ROLLER 165X65X50","Order_Form_ID":"3f00bab88153f46b3a28845c94569c58"},{"Customer_Name":"C","Calendar_week":47,"Amount":3.0,"PickAndPay":1,"Revenue":13945.13,"Invoice_Date":"2017-11-23","Article_Number":"105303998","Article_Name":"DISC CUT KNIFE 240X1,2MM,28°","Order_Form_ID":"3f00bab88153f46b3a28845c94569c58"},{"Customer_Name":"C","Calendar_week":48,"Amount":1.0,"PickAndPay":1,"Revenue":197.86,"Invoice_Date":"2017-11-30","Article_Number":"P030PA001","Article_Name":"PACKING","Order_Form_ID":"151bcb9cfd2d87c97962f0888a02a9e1"},{"Customer_Name":"C","Calendar_week":48,"Amount":1.0,"PickAndPay":1,"Revenue":3814.61,"Invoice_Date":"2017-11-30","Article_Number":"P030FR001","Article_Name":"FREIGHT CHARGES","Order_Form_ID":"151bcb9cfd2d87c97962f0888a02a9e1"},{"Customer_Name":"C","Calendar_week":49,"Amount":1.0,"PickAndPay":1,"Revenue":4361.2,"Invoice_Date":"2017-12-06","Article_Number":"P030PA001","Article_Name":"PACKING","Order_Form_ID":"0493656731ac23ac86802469d43d8753"},{"Customer_Name":"C","Calendar_week":49,"Amount":1.0,"PickAndPay":1,"Revenue":2429.85,"Invoice_Date":"2017-12-06","Article_Number":"P030FR001","Article_Name":"FREIGHT CHARGES","Order_Form_ID":"0493656731ac23ac86802469d43d8753"},{"Customer_Name":"C","Calendar_week":49,"Amount":1.0,"PickAndPay":1,"Revenue":197.86,"Invoice_Date":"2017-12-06","Article_Number":"P030PA001","Article_Name":"PACKING","Order_Form_ID":"0493656731ac23ac86802469d43d8753"},{"Customer_Name":"C","Calendar_week":49,"Amount":1.0,"PickAndPay":1,"Revenue":3364.48,"Invoice_Date":"2017-12-06","Article_Number":"P030FR001","Article_Name":"FREIGHT CHARGES","Order_Form_ID":"0493656731ac23ac86802469d43d8753"},{"Customer_Name":"C","Calendar_week":49,"Amount":1.0,"PickAndPay":1,"Revenue":197.86,"Invoice_Date":"2017-12-06","Article_Number":"P030PA001","Article_Name":"PACKING","Order_Form_ID":"0493656731ac23ac86802469d43d8753"},{"Customer_Name":"C","Calendar_week":49,"Amount":1.0,"PickAndPay":1,"Revenue":4001.75,"Invoice_Date":"2017-12-06","Article_Number":"P030FR001","Article_Name":"FREIGHT CHARGES","Order_Form_ID":"0493656731ac23ac86802469d43d8753"},{"Customer_Name":"C","Calendar_week":49,"Amount":-1.0,"PickAndPay":1,"Revenue":-4361.2,"Invoice_Date":"2017-12-06","Article_Number":"P030PA001","Article_Name":"PACKING","Order_Form_ID":"d73220c1ce2666e5db94b028f4fea3d2"},{"Customer_Name":"C","Calendar_week":49,"Amount":-1.0,"PickAndPay":1,"Revenue":-2429.85,"Invoice_Date":"2017-12-06","Article_Number":"P030FR001","Article_Name":"FREIGHT CHARGES","Order_Form_ID":"d73220c1ce2666e5db94b028f4fea3d2"},{"Customer_Name":"C","Calendar_week":49,"Amount":-1.0,"PickAndPay":1,"Revenue":-197.86,"Invoice_Date":"2017-12-06","Article_Number":"P030PA001","Article_Name":"PACKING","Order_Form_ID":"d73220c1ce2666e5db94b028f4fea3d2"},{"Customer_Name":"C","Calendar_week":49,"Amount":-1.0,"PickAndPay":1,"Revenue":-3364.48,"Invoice_Date":"2017-12-06","Article_Number":"P030FR001","Article_Name":"FREIGHT CHARGES","Order_Form_ID":"d73220c1ce2666e5db94b028f4fea3d2"},{"Customer_Name":"C","Calendar_week":49,"Amount":-1.0,"PickAndPay":1,"Revenue":-197.86,"Invoice_Date":"2017-12-06","Article_Number":"P030PA001","Article_Name":"PACKING","Order_Form_ID":"d73220c1ce2666e5db94b028f4fea3d2"},{"Customer_Name":"C","Calendar_week":49,"Amount":-1.0,"PickAndPay":1,"Revenue":-4001.75,"Invoice_Date":"2017-12-06","Article_Number":"P030FR001","Article_Name":"FREIGHT CHARGES","Order_Form_ID":"d73220c1ce2666e5db94b028f4fea3d2"},{"Customer_Name":"C","Calendar_week":50,"Amount":1.0,"PickAndPay":1,"Revenue":4361.2,"Invoice_Date":"2017-12-14","Article_Number":"P030PA001","Article_Name":"PACKING","Order_Form_ID":"92065b9582c7dc7a835850814ed4f9e2"},{"Customer_Name":"C","Calendar_week":50,"Amount":1.0,"PickAndPay":1,"Revenue":2429.85,"Invoice_Date":"2017-12-14","Article_Number":"P030FR001","Article_Name":"FREIGHT CHARGES","Order_Form_ID":"92065b9582c7dc7a835850814ed4f9e2"},{"Customer_Name":"C","Calendar_week":50,"Amount":1.0,"PickAndPay":1,"Revenue":197.86,"Invoice_Date":"2017-12-14","Article_Number":"P030PA001","Article_Name":"PACKING","Order_Form_ID":"92065b9582c7dc7a835850814ed4f9e2"},{"Customer_Name":"C","Calendar_week":50,"Amount":1.0,"PickAndPay":1,"Revenue":3364.48,"Invoice_Date":"2017-12-14","Article_Number":"P030FR001","Article_Name":"FREIGHT CHARGES","Order_Form_ID":"92065b9582c7dc7a835850814ed4f9e2"},{"Customer_Name":"C","Calendar_week":50,"Amount":1.0,"PickAndPay":1,"Revenue":197.86,"Invoice_Date":"2017-12-14","Article_Number":"P030PA001","Article_Name":"PACKING","Order_Form_ID":"92065b9582c7dc7a835850814ed4f9e2"},{"Customer_Name":"C","Calendar_week":50,"Amount":1.0,"PickAndPay":1,"Revenue":4001.75,"Invoice_Date":"2017-12-14","Article_Number":"P030FR001","Article_Name":"FREIGHT CHARGES","Order_Form_ID":"92065b9582c7dc7a835850814ed4f9e2"},{"Customer_Name":"C","Calendar_week":50,"Amount":10.0,"PickAndPay":1,"Revenue":11445.76,"Invoice_Date":"2017-12-15","Article_Number":"105406902","Article_Name":"GRINDING WHEEL 50X10X16","Order_Form_ID":"dbdc2cbf8298e46f3b5cba37e9f9f87e"},{"Customer_Name":"C","Calendar_week":50,"Amount":25.0,"PickAndPay":1,"Revenue":9320.12,"Invoice_Date":"2017-12-15","Article_Number":"107440100","Article_Name":"NAP FOIL 120 MM BR\/25 M","Order_Form_ID":"dbdc2cbf8298e46f3b5cba37e9f9f87e"},{"Customer_Name":"C","Calendar_week":50,"Amount":28.0,"PickAndPay":1,"Revenue":608.15,"Invoice_Date":"2017-12-15","Article_Number":"107254200","Article_Name":"FELT 60X45MMX10","Order_Form_ID":"dbdc2cbf8298e46f3b5cba37e9f9f87e"},{"Customer_Name":"C","Calendar_week":50,"Amount":2.0,"PickAndPay":1,"Revenue":9296.76,"Invoice_Date":"2017-12-15","Article_Number":"105303998","Article_Name":"DISC CUT KNIFE 240X1,2MM,28°","Order_Form_ID":"dbdc2cbf8298e46f3b5cba37e9f9f87e"},{"Customer_Name":"C","Calendar_week":50,"Amount":25.0,"PickAndPay":1,"Revenue":11971.19,"Invoice_Date":"2017-12-15","Article_Number":"123052320","Article_Name":"NO-CRUSH-ROLLER 165X65X50","Order_Form_ID":"dbdc2cbf8298e46f3b5cba37e9f9f87e"},{"Customer_Name":"C","Calendar_week":50,"Amount":-6.0,"PickAndPay":1,"Revenue":-6867.45,"Invoice_Date":"2017-12-15","Article_Number":"105406902","Article_Name":"GRINDING WHEEL 50X10X16","Order_Form_ID":"b024885fd8977ccfdadb1739ff1e787e"},{"Customer_Name":"C","Calendar_week":50,"Amount":-28.0,"PickAndPay":1,"Revenue":-608.15,"Invoice_Date":"2017-12-15","Article_Number":"107254200","Article_Name":"FELT 60X45MMX10","Order_Form_ID":"b024885fd8977ccfdadb1739ff1e787e"},{"Customer_Name":"C","Calendar_week":50,"Amount":-1.0,"PickAndPay":1,"Revenue":-1378.16,"Invoice_Date":"2017-12-15","Article_Number":"111125198","Article_Name":"GLUE DAM JOINT 3X128X197","Order_Form_ID":"b024885fd8977ccfdadb1739ff1e787e"},{"Customer_Name":"C","Calendar_week":50,"Amount":-10.0,"PickAndPay":1,"Revenue":-4788.53,"Invoice_Date":"2017-12-15","Article_Number":"123052320","Article_Name":"NO-CRUSH-ROLLER 165X65X50","Order_Form_ID":"b024885fd8977ccfdadb1739ff1e787e"},{"Customer_Name":"C","Calendar_week":50,"Amount":-3.0,"PickAndPay":1,"Revenue":-13945.13,"Invoice_Date":"2017-12-15","Article_Number":"105303998","Article_Name":"DISC CUT KNIFE 240X1,2MM,28°","Order_Form_ID":"b024885fd8977ccfdadb1739ff1e787e"},{"Customer_Name":"C","Calendar_week":51,"Amount":2.0,"PickAndPay":1,"Revenue":9296.76,"Invoice_Date":"2017-12-18","Article_Number":"105303998","Article_Name":"DISC CUT KNIFE 240X1,2MM,28°","Order_Form_ID":"6bd1360a2e8ae5a40a7415ca88dbae60"},{"Customer_Name":"C","Calendar_week":52,"Amount":1.0,"PickAndPay":1,"Revenue":197.86,"Invoice_Date":"2017-12-29","Article_Number":"P030PA001","Article_Name":"PACKING","Order_Form_ID":"8435ed1a65ee6c91865450aa12973e3f"},{"Customer_Name":"C","Calendar_week":52,"Amount":1.0,"PickAndPay":1,"Revenue":6005.93,"Invoice_Date":"2017-12-29","Article_Number":"P030FR001","Article_Name":"FREIGHT CHARGES","Order_Form_ID":"8435ed1a65ee6c91865450aa12973e3f"},{"Customer_Name":"C","Calendar_week":2,"Amount":10.0,"PickAndPay":0,"Revenue":5023.77,"Invoice_Date":"2018-01-11","Article_Number":"103497200","Article_Name":"SET OF SPARE PARTS TESA","Order_Form_ID":"cf8c6a2d0313827b2522133c566f2a93"},{"Customer_Name":"C","Calendar_week":2,"Amount":1.0,"PickAndPay":0,"Revenue":197.86,"Invoice_Date":"2018-01-11","Article_Number":"110991001","Article_Name":"PACKING CHARGES (CARTON) 200X200X150","Order_Form_ID":"cf8c6a2d0313827b2522133c566f2a93"},{"Customer_Name":"C","Calendar_week":3,"Amount":2.0,"PickAndPay":0,"Revenue":8014.78,"Invoice_Date":"2018-01-15","Article_Number":"105114700","Article_Name":"PROXIMITY SWITCH 10-30VDC\/PNP\/M8\/1,5MM","Order_Form_ID":"cf7459f1d6ee560c166b3e1261a3fdfe"},{"Customer_Name":"C","Calendar_week":3,"Amount":1.0,"PickAndPay":0,"Revenue":197.86,"Invoice_Date":"2018-01-15","Article_Number":"110991000","Article_Name":"PACKING CHARGES (CARTON) 200X200X80","Order_Form_ID":"cf7459f1d6ee560c166b3e1261a3fdfe"},{"Customer_Name":"C","Calendar_week":5,"Amount":1.0,"PickAndPay":0,"Revenue":94583.99,"Invoice_Date":"2018-02-01","Article_Number":"143402900","Article_Name":"SERVO CONTROLLER 13A\/3PH\/400V\/5,5KW","Order_Form_ID":"9eed1001278a6d65c571f6b357dd6da4"},{"Customer_Name":"C","Calendar_week":5,"Amount":1.0,"PickAndPay":0,"Revenue":197.86,"Invoice_Date":"2018-02-01","Article_Number":"110991003","Article_Name":"PACKING CHARGES (CARTON) 360X360X250","Order_Form_ID":"9eed1001278a6d65c571f6b357dd6da4"},{"Customer_Name":"C","Calendar_week":6,"Amount":6.0,"PickAndPay":1,"Revenue":6867.45,"Invoice_Date":"2018-02-06","Article_Number":"105406902","Article_Name":"GRINDING WHEEL 50X10X16","Order_Form_ID":"49aecbdfc1fafdac97ca452736554f86"},{"Customer_Name":"C","Calendar_week":6,"Amount":28.0,"PickAndPay":1,"Revenue":608.15,"Invoice_Date":"2018-02-06","Article_Number":"107254200","Article_Name":"FELT 60X45MMX10","Order_Form_ID":"49aecbdfc1fafdac97ca452736554f86"},{"Customer_Name":"C","Calendar_week":6,"Amount":8.0,"PickAndPay":1,"Revenue":3830.82,"Invoice_Date":"2018-02-06","Article_Number":"123052320","Article_Name":"NO-CRUSH-ROLLER 165X65X50","Order_Form_ID":"49aecbdfc1fafdac97ca452736554f86"},{"Customer_Name":"C","Calendar_week":6,"Amount":3.0,"PickAndPay":1,"Revenue":13945.13,"Invoice_Date":"2018-02-06","Article_Number":"105303998","Article_Name":"DISC CUT KNIFE 240X1,2MM,28°","Order_Form_ID":"49aecbdfc1fafdac97ca452736554f86"},{"Customer_Name":"C","Calendar_week":6,"Amount":1.0,"PickAndPay":1,"Revenue":197.86,"Invoice_Date":"2018-02-09","Article_Number":"P030PA001","Article_Name":"PACKING","Order_Form_ID":"5543d4ccc8949fdaafd6f72a8e2f197d"},{"Customer_Name":"C","Calendar_week":6,"Amount":1.0,"PickAndPay":1,"Revenue":3948.17,"Invoice_Date":"2018-02-09","Article_Number":"P030FR001","Article_Name":"FREIGHT CHARGES","Order_Form_ID":"5543d4ccc8949fdaafd6f72a8e2f197d"},{"Customer_Name":"C","Calendar_week":8,"Amount":-1.0,"PickAndPay":0,"Revenue":-1660.12,"Invoice_Date":"2018-02-25","Article_Number":"P030FR001","Article_Name":"FREIGHT CHARGES","Order_Form_ID":"c0a5d8027d68ec5ade0e1707c0bc15c8"},{"Customer_Name":"C","Calendar_week":8,"Amount":1.0,"PickAndPay":0,"Revenue":1660.12,"Invoice_Date":"2018-02-25","Article_Number":"P030FR001","Article_Name":"FREIGHT CHARGES","Order_Form_ID":"b23a1742f1260b5c9d9700219332ddea"},{"Customer_Name":"C","Calendar_week":9,"Amount":-1.0,"PickAndPay":0,"Revenue":-1660.12,"Invoice_Date":"2018-02-27","Article_Number":"P030FR001","Article_Name":"FREIGHT CHARGES","Order_Form_ID":"6f98846b38c328a097990459d86af873"},{"Customer_Name":"C","Calendar_week":9,"Amount":2.0,"PickAndPay":1,"Revenue":2331.2,"Invoice_Date":"2018-02-28","Article_Number":"105337510","Article_Name":"PROFILED JOINT 20X25X637","Order_Form_ID":"19dc587a928804722ff627e07e6e3cde"},{"Customer_Name":"C","Calendar_week":9,"Amount":4.0,"PickAndPay":1,"Revenue":4578.3,"Invoice_Date":"2018-02-28","Article_Number":"105406902","Article_Name":"GRINDING WHEEL 50X10X16","Order_Form_ID":"19dc587a928804722ff627e07e6e3cde"},{"Customer_Name":"C","Calendar_week":9,"Amount":20.0,"PickAndPay":1,"Revenue":1261.37,"Invoice_Date":"2018-02-28","Article_Number":"106606921","Article_Name":"CLEAN-OUT FINGER BL1.0X98X90LG","Order_Form_ID":"19dc587a928804722ff627e07e6e3cde"},{"Customer_Name":"C","Calendar_week":9,"Amount":41.0,"PickAndPay":1,"Revenue":890.65,"Invoice_Date":"2018-02-28","Article_Number":"107254200","Article_Name":"FELT 60X45MMX10","Order_Form_ID":"19dc587a928804722ff627e07e6e3cde"},{"Customer_Name":"C","Calendar_week":9,"Amount":2.0,"PickAndPay":1,"Revenue":2756.32,"Invoice_Date":"2018-02-28","Article_Number":"111125199","Article_Name":"GLUE DAM JOINT 3X128X197","Order_Form_ID":"19dc587a928804722ff627e07e6e3cde"},{"Customer_Name":"C","Calendar_week":9,"Amount":10.0,"PickAndPay":1,"Revenue":4788.53,"Invoice_Date":"2018-02-28","Article_Number":"123052320","Article_Name":"NO-CRUSH-ROLLER 165X65X50","Order_Form_ID":"19dc587a928804722ff627e07e6e3cde"},{"Customer_Name":"C","Calendar_week":9,"Amount":1.0,"PickAndPay":1,"Revenue":1284.73,"Invoice_Date":"2018-02-28","Article_Number":"163270925","Article_Name":"SCRAPER BLADE CORRUDUR® 2550X50X1,5","Order_Form_ID":"19dc587a928804722ff627e07e6e3cde"},{"Customer_Name":"C","Calendar_week":9,"Amount":1.0,"PickAndPay":1,"Revenue":1378.16,"Invoice_Date":"2018-02-28","Article_Number":"111125198","Article_Name":"GLUE DAM JOINT 3X128X197","Order_Form_ID":"19dc587a928804722ff627e07e6e3cde"},{"Customer_Name":"C","Calendar_week":9,"Amount":20.0,"PickAndPay":0,"Revenue":3773.11,"Invoice_Date":"2018-03-01","Article_Number":"102847000","Article_Name":"FLAT SPRING 0.5X25X111","Order_Form_ID":"18879770de4370fbdfc7d7e83d7c9e02"},{"Customer_Name":"C","Calendar_week":9,"Amount":80.0,"PickAndPay":0,"Revenue":1699.14,"Invoice_Date":"2018-03-01","Article_Number":"123943","Article_Name":"COUNTER SUNK HEAD GROOVED PIN 3X8","Order_Form_ID":"18879770de4370fbdfc7d7e83d7c9e02"},{"Customer_Name":"C","Calendar_week":9,"Amount":1.0,"PickAndPay":0,"Revenue":197.86,"Invoice_Date":"2018-03-01","Article_Number":"110991001","Article_Name":"PACKING CHARGES (CARTON) 200X200X150","Order_Form_ID":"18879770de4370fbdfc7d7e83d7c9e02"},{"Customer_Name":"C","Calendar_week":10,"Amount":1.0,"PickAndPay":0,"Revenue":82247.85,"Invoice_Date":"2018-03-09","Article_Number":"109152510","Article_Name":"SERVO CONTROLLER BUM 616-12\/18","Order_Form_ID":"9a7980c345e717c89c7545d23b1e3a43"},{"Customer_Name":"C","Calendar_week":10,"Amount":1.0,"PickAndPay":0,"Revenue":197.86,"Invoice_Date":"2018-03-09","Article_Number":"110991003","Article_Name":"PACKING CHARGES (CARTON) 360X360X250","Order_Form_ID":"9a7980c345e717c89c7545d23b1e3a43"},{"Customer_Name":"C","Calendar_week":12,"Amount":1.0,"PickAndPay":1,"Revenue":1565.03,"Invoice_Date":"2018-03-20","Article_Number":"111125301","Article_Name":"GLUE DAM JOINT 3X260X220","Order_Form_ID":"1d4a9c10a1fabbc2f31928acc7e5c0e6"},{"Customer_Name":"C","Calendar_week":12,"Amount":28.0,"PickAndPay":1,"Revenue":627.94,"Invoice_Date":"2018-03-20","Article_Number":"107254200","Article_Name":"FELT 60X45MMX10","Order_Form_ID":"1d4a9c10a1fabbc2f31928acc7e5c0e6"},{"Customer_Name":"C","Calendar_week":12,"Amount":1.0,"PickAndPay":1,"Revenue":1424.88,"Invoice_Date":"2018-03-20","Article_Number":"111125198","Article_Name":"GLUE DAM JOINT 3X128X197","Order_Form_ID":"1d4a9c10a1fabbc2f31928acc7e5c0e6"},{"Customer_Name":"C","Calendar_week":12,"Amount":1.0,"PickAndPay":1,"Revenue":9083.51,"Invoice_Date":"2018-03-23","Article_Number":"P030FR001","Article_Name":"FREIGHT CHARGES","Order_Form_ID":"ede9440005a524256a1fb72fd5dbe3ae"},{"Customer_Name":"C","Calendar_week":12,"Amount":1.0,"PickAndPay":1,"Revenue":2665.64,"Invoice_Date":"2018-03-23","Article_Number":"P030PA001","Article_Name":"PACKING","Order_Form_ID":"ede9440005a524256a1fb72fd5dbe3ae"},{"Customer_Name":"C","Calendar_week":12,"Amount":1.0,"PickAndPay":1,"Revenue":164515.22,"Invoice_Date":"2018-03-23","Article_Number":"118027801","Article_Name":"PRESSURE BELT I-QUALITY 2540X 2800","Order_Form_ID":"ede9440005a524256a1fb72fd5dbe3ae"},{"Customer_Name":"C","Calendar_week":12,"Amount":14.0,"PickAndPay":1,"Revenue":313.83,"Invoice_Date":"2018-03-23","Article_Number":"107254200","Article_Name":"FELT 60X45MMX10","Order_Form_ID":"ede9440005a524256a1fb72fd5dbe3ae"},{"Customer_Name":"C","Calendar_week":12,"Amount":5.0,"PickAndPay":1,"Revenue":23942.65,"Invoice_Date":"2018-03-23","Article_Number":"105303998","Article_Name":"DISC CUT KNIFE 240X1,2MM,28°","Order_Form_ID":"ede9440005a524256a1fb72fd5dbe3ae"},{"Customer_Name":"C","Calendar_week":12,"Amount":10.0,"PickAndPay":1,"Revenue":11679.34,"Invoice_Date":"2018-03-23","Article_Number":"105406902","Article_Name":"GRINDING WHEEL 50X10X16","Order_Form_ID":"ede9440005a524256a1fb72fd5dbe3ae"},{"Customer_Name":"C","Calendar_week":13,"Amount":1.0,"PickAndPay":0,"Revenue":64213.3,"Invoice_Date":"2018-03-27","Article_Number":"104944920","Article_Name":"LIFTING CYLINDER 32X50\/24VDC","Order_Form_ID":"cd01a253b8c5881f9a452eac183fdc42"},{"Customer_Name":"C","Calendar_week":13,"Amount":1.0,"PickAndPay":0,"Revenue":19866.15,"Invoice_Date":"2018-03-27","Article_Number":"104944921","Article_Name":"SLIDING POTENTIOMETER 5 K.OHM","Order_Form_ID":"cd01a253b8c5881f9a452eac183fdc42"},{"Customer_Name":"C","Calendar_week":13,"Amount":1.0,"PickAndPay":0,"Revenue":1249.83,"Invoice_Date":"2018-03-27","Article_Number":"104944922","Article_Name":"PLUG 3 METER KABEL","Order_Form_ID":"cd01a253b8c5881f9a452eac183fdc42"},{"Customer_Name":"C","Calendar_week":13,"Amount":1.0,"PickAndPay":0,"Revenue":197.86,"Invoice_Date":"2018-03-27","Article_Number":"110991002","Article_Name":"PACKING CHARGES (CARTON) 300X300X200","Order_Form_ID":"cd01a253b8c5881f9a452eac183fdc42"},{"Customer_Name":"C","Calendar_week":12,"Amount":-1.0,"PickAndPay":1,"Revenue":-9083.51,"Invoice_Date":"2018-03-23","Article_Number":"P030FR001","Article_Name":"FREIGHT CHARGES","Order_Form_ID":"a26d0532de024a74ef126202916e7258"},{"Customer_Name":"C","Calendar_week":12,"Amount":-1.0,"PickAndPay":1,"Revenue":-2665.64,"Invoice_Date":"2018-03-23","Article_Number":"P030PA001","Article_Name":"PACKING","Order_Form_ID":"a26d0532de024a74ef126202916e7258"},{"Customer_Name":"C","Calendar_week":12,"Amount":-1.0,"PickAndPay":1,"Revenue":-164515.22,"Invoice_Date":"2018-03-23","Article_Number":"118027801","Article_Name":"PRESSURE BELT I-QUALITY 2540X 2800","Order_Form_ID":"a26d0532de024a74ef126202916e7258"},{"Customer_Name":"C","Calendar_week":12,"Amount":-14.0,"PickAndPay":1,"Revenue":-313.83,"Invoice_Date":"2018-03-23","Article_Number":"107254200","Article_Name":"FELT 60X45MMX10","Order_Form_ID":"a26d0532de024a74ef126202916e7258"},{"Customer_Name":"C","Calendar_week":12,"Amount":-5.0,"PickAndPay":1,"Revenue":-23942.65,"Invoice_Date":"2018-03-23","Article_Number":"105303998","Article_Name":"DISC CUT KNIFE 240X1,2MM,28°","Order_Form_ID":"a26d0532de024a74ef126202916e7258"},{"Customer_Name":"C","Calendar_week":12,"Amount":-10.0,"PickAndPay":1,"Revenue":-11679.34,"Invoice_Date":"2018-03-23","Article_Number":"105406902","Article_Name":"GRINDING WHEEL 50X10X16","Order_Form_ID":"a26d0532de024a74ef126202916e7258"},{"Customer_Name":"C","Calendar_week":13,"Amount":1.0,"PickAndPay":1,"Revenue":9083.51,"Invoice_Date":"2018-03-29","Article_Number":"P030FR001","Article_Name":"FREIGHT CHARGES","Order_Form_ID":"5be59212f0399890fe83f9f6ab422c9d"},{"Customer_Name":"C","Calendar_week":13,"Amount":1.0,"PickAndPay":1,"Revenue":2665.64,"Invoice_Date":"2018-03-29","Article_Number":"P030PA001","Article_Name":"PACKING","Order_Form_ID":"5be59212f0399890fe83f9f6ab422c9d"},{"Customer_Name":"C","Calendar_week":13,"Amount":1.0,"PickAndPay":1,"Revenue":164515.22,"Invoice_Date":"2018-03-29","Article_Number":"118027801","Article_Name":"PRESSURE BELT I-QUALITY 2540X 2800","Order_Form_ID":"5be59212f0399890fe83f9f6ab422c9d"},{"Customer_Name":"C","Calendar_week":13,"Amount":14.0,"PickAndPay":1,"Revenue":313.83,"Invoice_Date":"2018-03-29","Article_Number":"107254200","Article_Name":"FELT 60X45MMX10","Order_Form_ID":"5be59212f0399890fe83f9f6ab422c9d"},{"Customer_Name":"C","Calendar_week":13,"Amount":5.0,"PickAndPay":1,"Revenue":23942.65,"Invoice_Date":"2018-03-29","Article_Number":"105303998","Article_Name":"DISC CUT KNIFE 240X1,2MM,28°","Order_Form_ID":"5be59212f0399890fe83f9f6ab422c9d"},{"Customer_Name":"C","Calendar_week":13,"Amount":10.0,"PickAndPay":1,"Revenue":11679.34,"Invoice_Date":"2018-03-29","Article_Number":"105406902","Article_Name":"GRINDING WHEEL 50X10X16","Order_Form_ID":"5be59212f0399890fe83f9f6ab422c9d"},{"Customer_Name":"C","Calendar_week":14,"Amount":1.0,"PickAndPay":1,"Revenue":197.86,"Invoice_Date":"2018-04-04","Article_Number":"P030PA001","Article_Name":"PACKING","Order_Form_ID":"d9f1084edf3649e6974893b686a58da3"},{"Customer_Name":"C","Calendar_week":14,"Amount":1.0,"PickAndPay":1,"Revenue":2043.47,"Invoice_Date":"2018-04-04","Article_Number":"P030FR001","Article_Name":"FREIGHT CHARGES","Order_Form_ID":"d9f1084edf3649e6974893b686a58da3"},{"Customer_Name":"C","Calendar_week":15,"Amount":-1.0,"PickAndPay":0,"Revenue":-33309.48,"Invoice_Date":"2018-04-15","Article_Number":"143402900","Article_Name":"SERVO CONTROLLER 13A\/3PH\/400V\/5,5KW","Order_Form_ID":"5bc8b20b8c3134c9a1d838593d40db26"},{"Customer_Name":"C","Calendar_week":15,"Amount":-1.0,"PickAndPay":0,"Revenue":-30973.62,"Invoice_Date":"2018-04-15","Article_Number":"109152510","Article_Name":"SERVO CONTROLLER BUM 616-12\/18","Order_Form_ID":"824dfcd36165ff79b8d7e615374ae5fe"},{"Customer_Name":"C","Calendar_week":16,"Amount":60.0,"PickAndPay":0,"Revenue":22923.11,"Invoice_Date":"2018-04-16","Article_Number":"139372425","Article_Name":"FRICTION LINING 50MM \/60M","Order_Form_ID":"071271d1418d72801f2d28f9af8b5943"},{"Customer_Name":"C","Calendar_week":16,"Amount":1.0,"PickAndPay":0,"Revenue":197.86,"Invoice_Date":"2018-04-16","Article_Number":"110991008","Article_Name":"PACKING CHARGES (CARTON) 720X720X70","Order_Form_ID":"071271d1418d72801f2d28f9af8b5943"},{"Customer_Name":"C","Calendar_week":16,"Amount":1.0,"PickAndPay":0,"Revenue":26420.32,"Invoice_Date":"2018-04-17","Article_Number":"107682400","Article_Name":"COMPRESSED-AIR MOTOR G1\/8 -  3.8NM","Order_Form_ID":"9909099438b8c57b71c58b7f7235cb59"},{"Customer_Name":"C","Calendar_week":16,"Amount":1.0,"PickAndPay":0,"Revenue":197.86,"Invoice_Date":"2018-04-17","Article_Number":"110991000","Article_Name":"PACKING CHARGES (CARTON) 200X200X80","Order_Form_ID":"9909099438b8c57b71c58b7f7235cb59"},{"Customer_Name":"C","Calendar_week":17,"Amount":2.0,"PickAndPay":1,"Revenue":2335.87,"Invoice_Date":"2018-04-23","Article_Number":"105406902","Article_Name":"GRINDING WHEEL 50X10X16","Order_Form_ID":"cdb1cbdb173150c92d5f5b23d912099a"},{"Customer_Name":"C","Calendar_week":17,"Amount":25.0,"PickAndPay":1,"Revenue":9577.06,"Invoice_Date":"2018-04-23","Article_Number":"107440100","Article_Name":"NAP FOIL 120 MM BR\/25 M","Order_Form_ID":"cdb1cbdb173150c92d5f5b23d912099a"},{"Customer_Name":"C","Calendar_week":17,"Amount":2.0,"PickAndPay":1,"Revenue":3410.37,"Invoice_Date":"2018-04-23","Article_Number":"105337510","Article_Name":"PROFILED JOINT 20X25X637","Order_Form_ID":"cdb1cbdb173150c92d5f5b23d912099a"},{"Customer_Name":"C","Calendar_week":17,"Amount":14.0,"PickAndPay":1,"Revenue":313.83,"Invoice_Date":"2018-04-23","Article_Number":"107254200","Article_Name":"FELT 60X45MMX10","Order_Form_ID":"cdb1cbdb173150c92d5f5b23d912099a"},{"Customer_Name":"C","Calendar_week":17,"Amount":1.0,"PickAndPay":1,"Revenue":4788.53,"Invoice_Date":"2018-04-23","Article_Number":"105303998","Article_Name":"DISC CUT KNIFE 240X1,2MM,28°","Order_Form_ID":"cdb1cbdb173150c92d5f5b23d912099a"},{"Customer_Name":"C","Calendar_week":17,"Amount":1.0,"PickAndPay":1,"Revenue":3814.61,"Invoice_Date":"2018-04-27","Article_Number":"P030FR001","Article_Name":"FREIGHT CHARGES","Order_Form_ID":"558da9aee00643076b4161df293e3af3"},{"Customer_Name":"C","Calendar_week":17,"Amount":1.0,"PickAndPay":1,"Revenue":197.86,"Invoice_Date":"2018-04-27","Article_Number":"P030PA001","Article_Name":"PACKING","Order_Form_ID":"558da9aee00643076b4161df293e3af3"},{"Customer_Name":"C","Calendar_week":18,"Amount":6.0,"PickAndPay":1,"Revenue":7007.61,"Invoice_Date":"2018-05-04","Article_Number":"105406902","Article_Name":"GRINDING WHEEL 50X10X16","Order_Form_ID":"da958c41a4af31e477177ee298ec1f79"},{"Customer_Name":"C","Calendar_week":18,"Amount":42.0,"PickAndPay":1,"Revenue":941.77,"Invoice_Date":"2018-05-04","Article_Number":"107254200","Article_Name":"FELT 60X45MMX10","Order_Form_ID":"da958c41a4af31e477177ee298ec1f79"},{"Customer_Name":"C","Calendar_week":18,"Amount":25.0,"PickAndPay":1,"Revenue":12321.57,"Invoice_Date":"2018-05-04","Article_Number":"123052320","Article_Name":"NO-CRUSH-ROLLER 165X65X50","Order_Form_ID":"da958c41a4af31e477177ee298ec1f79"},{"Customer_Name":"C","Calendar_week":18,"Amount":3.0,"PickAndPay":1,"Revenue":14365.59,"Invoice_Date":"2018-05-04","Article_Number":"105303998","Article_Name":"DISC CUT KNIFE 240X1,2MM,28°","Order_Form_ID":"da958c41a4af31e477177ee298ec1f79"},{"Customer_Name":"C","Calendar_week":19,"Amount":1.0,"PickAndPay":1,"Revenue":5087.8,"Invoice_Date":"2018-05-09","Article_Number":"P030FR001","Article_Name":"FREIGHT CHARGES","Order_Form_ID":"c57635d3ef349d6f5c0c81e1f2b44e3e"},{"Customer_Name":"C","Calendar_week":19,"Amount":1.0,"PickAndPay":1,"Revenue":197.86,"Invoice_Date":"2018-05-09","Article_Number":"P030PA001","Article_Name":"PACKING","Order_Form_ID":"c57635d3ef349d6f5c0c81e1f2b44e3e"},{"Customer_Name":"C","Calendar_week":24,"Amount":12.0,"PickAndPay":0,"Revenue":15955.63,"Invoice_Date":"2018-06-11","Article_Number":"135620122","Article_Name":"CARBON BRUSH","Order_Form_ID":"9232bba55b81f13de443aaecfb2863b5"},{"Customer_Name":"C","Calendar_week":24,"Amount":1.0,"PickAndPay":0,"Revenue":197.86,"Invoice_Date":"2018-06-11","Article_Number":"110991000","Article_Name":"PACKING CHARGES (CARTON) 200X200X80","Order_Form_ID":"9232bba55b81f13de443aaecfb2863b5"},{"Customer_Name":"C","Calendar_week":24,"Amount":4.0,"PickAndPay":1,"Revenue":4671.74,"Invoice_Date":"2018-06-11","Article_Number":"105406902","Article_Name":"GRINDING WHEEL 50X10X16","Order_Form_ID":"2c58012c95e38d0a01e7d4cbcb229991"},{"Customer_Name":"C","Calendar_week":24,"Amount":51.0,"PickAndPay":1,"Revenue":3311.71,"Invoice_Date":"2018-06-11","Article_Number":"106606921","Article_Name":"CLEAN-OUT FINGER BL1.0X98X90LG","Order_Form_ID":"2c58012c95e38d0a01e7d4cbcb229991"},{"Customer_Name":"C","Calendar_week":24,"Amount":2.0,"PickAndPay":1,"Revenue":9577.06,"Invoice_Date":"2018-06-11","Article_Number":"105303998","Article_Name":"DISC CUT KNIFE 240X1,2MM,28°","Order_Form_ID":"2c58012c95e38d0a01e7d4cbcb229991"},{"Customer_Name":"C","Calendar_week":24,"Amount":2.0,"PickAndPay":0,"Revenue":3421.09,"Invoice_Date":"2018-06-12","Article_Number":"108049306","Article_Name":"SET OF SEALS 10X113X122","Order_Form_ID":"ca822bc5f5d0afad63cacb42c1a0222a"},{"Customer_Name":"C","Calendar_week":24,"Amount":12.0,"PickAndPay":0,"Revenue":1658.19,"Invoice_Date":"2018-06-12","Article_Number":"111125702","Article_Name":"SPACER 40\/17X2","Order_Form_ID":"ca822bc5f5d0afad63cacb42c1a0222a"},{"Customer_Name":"C","Calendar_week":24,"Amount":12.0,"PickAndPay":0,"Revenue":1189.92,"Invoice_Date":"2018-06-12","Article_Number":"106566766","Article_Name":"LOCKING PLATE FUER D=16","Order_Form_ID":"ca822bc5f5d0afad63cacb42c1a0222a"},{"Customer_Name":"C","Calendar_week":24,"Amount":1.0,"PickAndPay":0,"Revenue":197.86,"Invoice_Date":"2018-06-12","Article_Number":"110991000","Article_Name":"PACKING CHARGES (CARTON) 200X200X80","Order_Form_ID":"ca822bc5f5d0afad63cacb42c1a0222a"},{"Customer_Name":"C","Calendar_week":24,"Amount":1.0,"PickAndPay":1,"Revenue":395.72,"Invoice_Date":"2018-06-13","Article_Number":"P030PA001","Article_Name":"PACKING","Order_Form_ID":"938ae8607b0da736ff1e8fc99c4ac6b3"},{"Customer_Name":"C","Calendar_week":24,"Amount":1.0,"PickAndPay":1,"Revenue":2896.75,"Invoice_Date":"2018-06-13","Article_Number":"P030FR001","Article_Name":"FREIGHT CHARGES","Order_Form_ID":"938ae8607b0da736ff1e8fc99c4ac6b3"},{"Customer_Name":"C","Calendar_week":27,"Amount":2.0,"PickAndPay":0,"Revenue":6378.57,"Invoice_Date":"2018-07-04","Article_Number":"197617300","Article_Name":"PROXIMITY SWITCH 10-30VDC\/PNP\/4MM","Order_Form_ID":"8c87e6ac9419610b84b2ec6886f44840"},{"Customer_Name":"C","Calendar_week":27,"Amount":1.0,"PickAndPay":0,"Revenue":197.86,"Invoice_Date":"2018-07-04","Article_Number":"110991000","Article_Name":"PACKING CHARGES (CARTON) 200X200X80","Order_Form_ID":"8c87e6ac9419610b84b2ec6886f44840"},{"Customer_Name":"C","Calendar_week":27,"Amount":71.0,"PickAndPay":1,"Revenue":15755.3,"Invoice_Date":"2018-07-04","Article_Number":"106606930","Article_Name":"CLEAN-OUT FINGER 1,0X98X81.5","Order_Form_ID":"c99de1cf676d0d4651428c4c17cf8c26"},{"Customer_Name":"C","Calendar_week":27,"Amount":8.0,"PickAndPay":1,"Revenue":9343.47,"Invoice_Date":"2018-07-04","Article_Number":"105406902","Article_Name":"GRINDING WHEEL 50X10X16","Order_Form_ID":"c99de1cf676d0d4651428c4c17cf8c26"},{"Customer_Name":"C","Calendar_week":27,"Amount":2.0,"PickAndPay":1,"Revenue":3130.06,"Invoice_Date":"2018-07-04","Article_Number":"111125301","Article_Name":"GLUE DAM JOINT 3X260X220","Order_Form_ID":"c99de1cf676d0d4651428c4c17cf8c26"},{"Customer_Name":"C","Calendar_week":27,"Amount":14.0,"PickAndPay":1,"Revenue":313.83,"Invoice_Date":"2018-07-04","Article_Number":"107254200","Article_Name":"FELT 60X45MMX10","Order_Form_ID":"c99de1cf676d0d4651428c4c17cf8c26"},{"Customer_Name":"C","Calendar_week":27,"Amount":1.0,"PickAndPay":1,"Revenue":1424.88,"Invoice_Date":"2018-07-04","Article_Number":"111125198","Article_Name":"GLUE DAM JOINT 3X128X197","Order_Form_ID":"c99de1cf676d0d4651428c4c17cf8c26"},{"Customer_Name":"C","Calendar_week":27,"Amount":1.0,"PickAndPay":1,"Revenue":1051.14,"Invoice_Date":"2018-07-04","Article_Number":"601135","Article_Name":"GLUE 1PC=1L","Order_Form_ID":"c99de1cf676d0d4651428c4c17cf8c26"},{"Customer_Name":"C","Calendar_week":27,"Amount":4.0,"PickAndPay":1,"Revenue":19154.12,"Invoice_Date":"2018-07-04","Article_Number":"105303998","Article_Name":"DISC CUT KNIFE 240X1,2MM,28°","Order_Form_ID":"c99de1cf676d0d4651428c4c17cf8c26"},{"Customer_Name":"C","Calendar_week":28,"Amount":1.0,"PickAndPay":1,"Revenue":197.86,"Invoice_Date":"2018-07-10","Article_Number":"P030PA001","Article_Name":"PACKING","Order_Form_ID":"ecbec0618060327c78a7ede39c511b95"},{"Customer_Name":"C","Calendar_week":28,"Amount":1.0,"PickAndPay":1,"Revenue":4001.75,"Invoice_Date":"2018-07-10","Article_Number":"P030FR001","Article_Name":"FREIGHT CHARGES","Order_Form_ID":"ecbec0618060327c78a7ede39c511b95"},{"Customer_Name":"C","Calendar_week":28,"Amount":-7.0,"PickAndPay":1,"Revenue":-8175.54,"Invoice_Date":"2018-07-12","Article_Number":"105406902","Article_Name":"GRINDING WHEEL 50X10X16","Order_Form_ID":"4bca4b5c638eaa26cafa6126cb09dd2a"},{"Customer_Name":"C","Calendar_week":28,"Amount":-1.0,"PickAndPay":1,"Revenue":-1424.88,"Invoice_Date":"2018-07-12","Article_Number":"111125198","Article_Name":"GLUE DAM JOINT 3X128X197","Order_Form_ID":"4bca4b5c638eaa26cafa6126cb09dd2a"},{"Customer_Name":"C","Calendar_week":28,"Amount":-10.0,"PickAndPay":1,"Revenue":-4928.68,"Invoice_Date":"2018-07-12","Article_Number":"123052320","Article_Name":"NO-CRUSH-ROLLER 165X65X50","Order_Form_ID":"4bca4b5c638eaa26cafa6126cb09dd2a"},{"Customer_Name":"C","Calendar_week":29,"Amount":3.0,"PickAndPay":0,"Revenue":7384.37,"Invoice_Date":"2018-07-17","Article_Number":"184288.08","Article_Name":"SCRAPER BLADE 2565X50X0,8","Order_Form_ID":"25aad6587a911b254ddb6f8b02d2a2a7"},{"Customer_Name":"C","Calendar_week":29,"Amount":1.0,"PickAndPay":0,"Revenue":197.86,"Invoice_Date":"2018-07-17","Article_Number":"110991008","Article_Name":"PACKING CHARGES (CARTON) 720X720X70","Order_Form_ID":"25aad6587a911b254ddb6f8b02d2a2a7"},{"Customer_Name":"C","Calendar_week":31,"Amount":2.0,"PickAndPay":0,"Revenue":4706.36,"Invoice_Date":"2018-07-30","Article_Number":"101183801","Article_Name":"LIMIT SWITCH 1Ö\/1S","Order_Form_ID":"9a13941a7b3640d31abdde0c78e3fb50"},{"Customer_Name":"C","Calendar_week":31,"Amount":1.0,"PickAndPay":0,"Revenue":3470.83,"Invoice_Date":"2018-07-30","Article_Number":"101183803","Article_Name":"POTENTIOMETER 5KOHM","Order_Form_ID":"9a13941a7b3640d31abdde0c78e3fb50"},{"Customer_Name":"C","Calendar_week":31,"Amount":1.0,"PickAndPay":0,"Revenue":197.86,"Invoice_Date":"2018-07-30","Article_Number":"110991000","Article_Name":"PACKING CHARGES (CARTON) 200X200X80","Order_Form_ID":"9a13941a7b3640d31abdde0c78e3fb50"},{"Customer_Name":"C","Calendar_week":31,"Amount":4.0,"PickAndPay":1,"Revenue":4671.74,"Invoice_Date":"2018-08-01","Article_Number":"105406902","Article_Name":"GRINDING WHEEL 50X10X16","Order_Form_ID":"7e5d1956b5618fc3f318304dcb90fad3"},{"Customer_Name":"C","Calendar_week":31,"Amount":28.0,"PickAndPay":1,"Revenue":627.94,"Invoice_Date":"2018-08-01","Article_Number":"107254200","Article_Name":"FELT 60X45MMX10","Order_Form_ID":"7e5d1956b5618fc3f318304dcb90fad3"},{"Customer_Name":"C","Calendar_week":31,"Amount":2.0,"PickAndPay":1,"Revenue":9577.06,"Invoice_Date":"2018-08-01","Article_Number":"105303998","Article_Name":"DISC CUT KNIFE 240X1,2MM,28°","Order_Form_ID":"7e5d1956b5618fc3f318304dcb90fad3"},{"Customer_Name":"C","Calendar_week":31,"Amount":1.0,"PickAndPay":1,"Revenue":20964.28,"Invoice_Date":"2018-08-01","Article_Number":"105073800","Article_Name":"KNIFE 2540X30X8 AB2500","Order_Form_ID":"7e5d1956b5618fc3f318304dcb90fad3"},{"Customer_Name":"C","Calendar_week":31,"Amount":1.0,"PickAndPay":1,"Revenue":20964.28,"Invoice_Date":"2018-08-01","Article_Number":"113115001","Article_Name":"UPPER KNIFE L=2540 AB=2500","Order_Form_ID":"7e5d1956b5618fc3f318304dcb90fad3"},{"Customer_Name":"C","Calendar_week":31,"Amount":86.0,"PickAndPay":1,"Revenue":1486.44,"Invoice_Date":"2018-08-01","Article_Number":"177592300","Article_Name":"PLATE SPRING 8,4X15X2","Order_Form_ID":"7e5d1956b5618fc3f318304dcb90fad3"},{"Customer_Name":"C","Calendar_week":31,"Amount":86.0,"PickAndPay":1,"Revenue":1486.44,"Invoice_Date":"2018-08-01","Article_Number":"100441800","Article_Name":"SUPPORTING PLATE S 10X16X1,2","Order_Form_ID":"7e5d1956b5618fc3f318304dcb90fad3"},{"Customer_Name":"C","Calendar_week":31,"Amount":86.0,"PickAndPay":1,"Revenue":1486.44,"Invoice_Date":"2018-08-01","Article_Number":"191757201","Article_Name":"LENS HEAD SCREW M8X25","Order_Form_ID":"7e5d1956b5618fc3f318304dcb90fad3"},{"Customer_Name":"C","Calendar_week":31,"Amount":8.0,"PickAndPay":1,"Revenue":138.23,"Invoice_Date":"2018-08-01","Article_Number":"191757200","Article_Name":"LENS HEAD SCREW M8X16","Order_Form_ID":"7e5d1956b5618fc3f318304dcb90fad3"},{"Customer_Name":"C","Calendar_week":31,"Amount":2.0,"PickAndPay":1,"Revenue":242.93,"Invoice_Date":"2018-08-01","Article_Number":"177671310","Article_Name":"ADHESIVE LABEL","Order_Form_ID":"7e5d1956b5618fc3f318304dcb90fad3"},{"Customer_Name":"C","Calendar_week":31,"Amount":1.0,"PickAndPay":1,"Revenue":165.71,"Invoice_Date":"2018-08-01","Article_Number":"173687700","Article_Name":"TORX SOCKET GR.TX40 1\/2-ZOLL","Order_Form_ID":"7e5d1956b5618fc3f318304dcb90fad3"},{"Customer_Name":"C","Calendar_week":31,"Amount":-4.0,"PickAndPay":1,"Revenue":-4671.74,"Invoice_Date":"2018-08-01","Article_Number":"105406902","Article_Name":"GRINDING WHEEL 50X10X16","Order_Form_ID":"64973401c79f23cf87de42a326c1487b"},{"Customer_Name":"C","Calendar_week":31,"Amount":-28.0,"PickAndPay":1,"Revenue":-627.94,"Invoice_Date":"2018-08-01","Article_Number":"107254200","Article_Name":"FELT 60X45MMX10","Order_Form_ID":"64973401c79f23cf87de42a326c1487b"},{"Customer_Name":"C","Calendar_week":31,"Amount":-2.0,"PickAndPay":1,"Revenue":-9577.06,"Invoice_Date":"2018-08-01","Article_Number":"105303998","Article_Name":"DISC CUT KNIFE 240X1,2MM,28°","Order_Form_ID":"64973401c79f23cf87de42a326c1487b"},{"Customer_Name":"C","Calendar_week":31,"Amount":-1.0,"PickAndPay":1,"Revenue":-20964.28,"Invoice_Date":"2018-08-01","Article_Number":"105073800","Article_Name":"KNIFE 2540X30X8 AB2500","Order_Form_ID":"64973401c79f23cf87de42a326c1487b"},{"Customer_Name":"C","Calendar_week":31,"Amount":-1.0,"PickAndPay":1,"Revenue":-20964.28,"Invoice_Date":"2018-08-01","Article_Number":"113115001","Article_Name":"UPPER KNIFE L=2540 AB=2500","Order_Form_ID":"64973401c79f23cf87de42a326c1487b"},{"Customer_Name":"C","Calendar_week":31,"Amount":-86.0,"PickAndPay":1,"Revenue":-1486.44,"Invoice_Date":"2018-08-01","Article_Number":"177592300","Article_Name":"PLATE SPRING 8,4X15X2","Order_Form_ID":"64973401c79f23cf87de42a326c1487b"},{"Customer_Name":"C","Calendar_week":31,"Amount":-86.0,"PickAndPay":1,"Revenue":-1486.44,"Invoice_Date":"2018-08-01","Article_Number":"100441800","Article_Name":"SUPPORTING PLATE S 10X16X1,2","Order_Form_ID":"64973401c79f23cf87de42a326c1487b"},{"Customer_Name":"C","Calendar_week":31,"Amount":-86.0,"PickAndPay":1,"Revenue":-1486.44,"Invoice_Date":"2018-08-01","Article_Number":"191757201","Article_Name":"LENS HEAD SCREW M8X25","Order_Form_ID":"64973401c79f23cf87de42a326c1487b"},{"Customer_Name":"C","Calendar_week":31,"Amount":-8.0,"PickAndPay":1,"Revenue":-138.23,"Invoice_Date":"2018-08-01","Article_Number":"191757200","Article_Name":"LENS HEAD SCREW M8X16","Order_Form_ID":"64973401c79f23cf87de42a326c1487b"},{"Customer_Name":"C","Calendar_week":31,"Amount":-2.0,"PickAndPay":1,"Revenue":-242.93,"Invoice_Date":"2018-08-01","Article_Number":"177671310","Article_Name":"ADHESIVE LABEL","Order_Form_ID":"64973401c79f23cf87de42a326c1487b"},{"Customer_Name":"C","Calendar_week":31,"Amount":-1.0,"PickAndPay":1,"Revenue":-165.71,"Invoice_Date":"2018-08-01","Article_Number":"173687700","Article_Name":"TORX SOCKET GR.TX40 1\/2-ZOLL","Order_Form_ID":"64973401c79f23cf87de42a326c1487b"},{"Customer_Name":"C","Calendar_week":31,"Amount":4.0,"PickAndPay":1,"Revenue":4671.74,"Invoice_Date":"2018-08-02","Article_Number":"105406902","Article_Name":"GRINDING WHEEL 50X10X16","Order_Form_ID":"86ab84f019e06eedef3d85121e3e7722"},{"Customer_Name":"C","Calendar_week":31,"Amount":28.0,"PickAndPay":1,"Revenue":627.94,"Invoice_Date":"2018-08-02","Article_Number":"107254200","Article_Name":"FELT 60X45MMX10","Order_Form_ID":"86ab84f019e06eedef3d85121e3e7722"},{"Customer_Name":"C","Calendar_week":31,"Amount":2.0,"PickAndPay":1,"Revenue":9577.06,"Invoice_Date":"2018-08-02","Article_Number":"105303998","Article_Name":"DISC CUT KNIFE 240X1,2MM,28°","Order_Form_ID":"86ab84f019e06eedef3d85121e3e7722"},{"Customer_Name":"C","Calendar_week":31,"Amount":1.0,"PickAndPay":1,"Revenue":20964.28,"Invoice_Date":"2018-08-02","Article_Number":"105073800","Article_Name":"KNIFE 2540X30X8 AB2500","Order_Form_ID":"86ab84f019e06eedef3d85121e3e7722"},{"Customer_Name":"C","Calendar_week":31,"Amount":1.0,"PickAndPay":1,"Revenue":20964.28,"Invoice_Date":"2018-08-02","Article_Number":"113115001","Article_Name":"UPPER KNIFE L=2540 AB=2500","Order_Form_ID":"86ab84f019e06eedef3d85121e3e7722"},{"Customer_Name":"C","Calendar_week":32,"Amount":1.0,"PickAndPay":1,"Revenue":5417.84,"Invoice_Date":"2018-08-06","Article_Number":"P030FR001","Article_Name":"FREIGHT CHARGES","Order_Form_ID":"21725c704dba45ae701ccd53e518c75c"},{"Customer_Name":"C","Calendar_week":32,"Amount":1.0,"PickAndPay":1,"Revenue":1571.9,"Invoice_Date":"2018-08-06","Article_Number":"P030PA001","Article_Name":"PACKING","Order_Form_ID":"21725c704dba45ae701ccd53e518c75c"},{"Customer_Name":"C","Calendar_week":35,"Amount":1.0,"PickAndPay":0,"Revenue":60031.82,"Invoice_Date":"2018-08-27","Article_Number":"109894000","Article_Name":"DRIVE MODULE 20A\/3PH\/540V","Order_Form_ID":"cc7f8a64079a159362e23d651e2499e9"},{"Customer_Name":"C","Calendar_week":35,"Amount":1.0,"PickAndPay":0,"Revenue":197.86,"Invoice_Date":"2018-08-27","Article_Number":"110991005","Article_Name":"PACKING CHARGES (CARTON) 600X400X400","Order_Form_ID":"cc7f8a64079a159362e23d651e2499e9"},{"Customer_Name":"C","Calendar_week":36,"Amount":2.0,"PickAndPay":1,"Revenue":2335.87,"Invoice_Date":"2018-09-04","Article_Number":"105406902","Article_Name":"GRINDING WHEEL 50X10X16","Order_Form_ID":"16279557e284e0a80033a69ce17e4bbb"},{"Customer_Name":"C","Calendar_week":36,"Amount":2.0,"PickAndPay":1,"Revenue":3130.06,"Invoice_Date":"2018-09-04","Article_Number":"111125301","Article_Name":"GLUE DAM JOINT 3X260X220","Order_Form_ID":"16279557e284e0a80033a69ce17e4bbb"},{"Customer_Name":"C","Calendar_week":36,"Amount":28.0,"PickAndPay":1,"Revenue":627.94,"Invoice_Date":"2018-09-04","Article_Number":"107254200","Article_Name":"FELT 60X45MMX10","Order_Form_ID":"16279557e284e0a80033a69ce17e4bbb"},{"Customer_Name":"C","Calendar_week":36,"Amount":1.0,"PickAndPay":1,"Revenue":1424.88,"Invoice_Date":"2018-09-04","Article_Number":"111125199","Article_Name":"GLUE DAM JOINT 3X128X197","Order_Form_ID":"16279557e284e0a80033a69ce17e4bbb"},{"Customer_Name":"C","Calendar_week":36,"Amount":1.0,"PickAndPay":1,"Revenue":1424.88,"Invoice_Date":"2018-09-04","Article_Number":"111125198","Article_Name":"GLUE DAM JOINT 3X128X197","Order_Form_ID":"16279557e284e0a80033a69ce17e4bbb"},{"Customer_Name":"C","Calendar_week":36,"Amount":25.0,"PickAndPay":1,"Revenue":12321.57,"Invoice_Date":"2018-09-04","Article_Number":"123052320","Article_Name":"NO-CRUSH-ROLLER 165X65X50","Order_Form_ID":"16279557e284e0a80033a69ce17e4bbb"},{"Customer_Name":"C","Calendar_week":36,"Amount":1.0,"PickAndPay":1,"Revenue":4788.53,"Invoice_Date":"2018-09-04","Article_Number":"105303998","Article_Name":"DISC CUT KNIFE 240X1,2MM,28°","Order_Form_ID":"16279557e284e0a80033a69ce17e4bbb"},{"Customer_Name":"C","Calendar_week":36,"Amount":1.0,"PickAndPay":1,"Revenue":45888.0,"Invoice_Date":"2018-09-04","Article_Number":"105073800","Article_Name":"KNIFE 2540X30X8 AB2500","Order_Form_ID":"16279557e284e0a80033a69ce17e4bbb"},{"Customer_Name":"C","Calendar_week":36,"Amount":1.0,"PickAndPay":1,"Revenue":45888.0,"Invoice_Date":"2018-09-04","Article_Number":"113115001","Article_Name":"UPPER KNIFE L=2540 AB=2500","Order_Form_ID":"16279557e284e0a80033a69ce17e4bbb"},{"Customer_Name":"C","Calendar_week":36,"Amount":1.0,"PickAndPay":1,"Revenue":3814.61,"Invoice_Date":"2018-09-06","Article_Number":"P030FR001","Article_Name":"FREIGHT CHARGES","Order_Form_ID":"4b74f4a9e9d8eaee6c7a6ac9a629a54a"},{"Customer_Name":"C","Calendar_week":36,"Amount":1.0,"PickAndPay":1,"Revenue":197.86,"Invoice_Date":"2018-09-06","Article_Number":"P030PA001","Article_Name":"PACKING","Order_Form_ID":"4b74f4a9e9d8eaee6c7a6ac9a629a54a"},{"Customer_Name":"C","Calendar_week":39,"Amount":1.0,"PickAndPay":1,"Revenue":1345.19,"Invoice_Date":"2018-09-24","Article_Number":"P030FR001","Article_Name":"FREIGHT CHARGES","Order_Form_ID":"c53c512bf9cbdbf4b212bcd9c5777802"},{"Customer_Name":"C","Calendar_week":39,"Amount":1.0,"PickAndPay":1,"Revenue":1571.9,"Invoice_Date":"2018-09-24","Article_Number":"P030PA001","Article_Name":"PACKING","Order_Form_ID":"c53c512bf9cbdbf4b212bcd9c5777802"},{"Customer_Name":"C","Calendar_week":40,"Amount":10.0,"PickAndPay":1,"Revenue":11679.34,"Invoice_Date":"2018-10-03","Article_Number":"105406902","Article_Name":"GRINDING WHEEL 50X10X16","Order_Form_ID":"868c3ae816ecfee5b708ae0835e3c7ec"},{"Customer_Name":"C","Calendar_week":40,"Amount":28.0,"PickAndPay":1,"Revenue":627.94,"Invoice_Date":"2018-10-03","Article_Number":"107254200","Article_Name":"FELT 60X45MMX10","Order_Form_ID":"868c3ae816ecfee5b708ae0835e3c7ec"},{"Customer_Name":"C","Calendar_week":40,"Amount":10.0,"PickAndPay":1,"Revenue":4928.68,"Invoice_Date":"2018-10-03","Article_Number":"123052320","Article_Name":"NO-CRUSH-ROLLER 165X65X50","Order_Form_ID":"868c3ae816ecfee5b708ae0835e3c7ec"},{"Customer_Name":"C","Calendar_week":40,"Amount":5.0,"PickAndPay":1,"Revenue":23942.65,"Invoice_Date":"2018-10-03","Article_Number":"105303998","Article_Name":"DISC CUT KNIFE 240X1,2MM,28°","Order_Form_ID":"868c3ae816ecfee5b708ae0835e3c7ec"},{"Customer_Name":"C","Calendar_week":40,"Amount":12.0,"PickAndPay":0,"Revenue":15955.63,"Invoice_Date":"2018-10-04","Article_Number":"135620122","Article_Name":"CARBON BRUSH","Order_Form_ID":"5583ae8e307b2f6271ee5f4bb143ac2a"},{"Customer_Name":"C","Calendar_week":40,"Amount":1.0,"PickAndPay":0,"Revenue":197.86,"Invoice_Date":"2018-10-04","Article_Number":"110991000","Article_Name":"PACKING CHARGES (CARTON) 200X200X80","Order_Form_ID":"5583ae8e307b2f6271ee5f4bb143ac2a"},{"Customer_Name":"C","Calendar_week":42,"Amount":10.0,"PickAndPay":1,"Revenue":91.51,"Invoice_Date":"2018-10-17","Article_Number":"105406902","Article_Name":"GRINDING WHEEL 50X10X16","Order_Form_ID":"4cdd344dd00954b6e2b58c93351272f1"},{"Customer_Name":"C","Calendar_week":42,"Amount":28.0,"PickAndPay":1,"Revenue":42.6,"Invoice_Date":"2018-10-17","Article_Number":"107254200","Article_Name":"FELT 60X45MMX10","Order_Form_ID":"4cdd344dd00954b6e2b58c93351272f1"},{"Customer_Name":"C","Calendar_week":42,"Amount":10.0,"PickAndPay":1,"Revenue":2059.14,"Invoice_Date":"2018-10-17","Article_Number":"123052320","Article_Name":"NO-CRUSH-ROLLER 165X65X50","Order_Form_ID":"4cdd344dd00954b6e2b58c93351272f1"},{"Customer_Name":"C","Calendar_week":42,"Amount":5.0,"PickAndPay":1,"Revenue":1944.54,"Invoice_Date":"2018-10-17","Article_Number":"105303998","Article_Name":"DISC CUT KNIFE 240X1,2MM,28°","Order_Form_ID":"4cdd344dd00954b6e2b58c93351272f1"},{"Customer_Name":"C","Calendar_week":42,"Amount":1.0,"PickAndPay":1,"Revenue":197.86,"Invoice_Date":"2018-10-17","Article_Number":"110991003","Article_Name":"PACKING CHARGES (CARTON) 360X360X250","Order_Form_ID":"4cdd344dd00954b6e2b58c93351272f1"},{"Customer_Name":"C","Calendar_week":45,"Amount":1.0,"PickAndPay":0,"Revenue":20362.45,"Invoice_Date":"2018-11-07","Article_Number":"104944921","Article_Name":"SLIDING POTENTIOMETER 5 K.OHM","Order_Form_ID":"afe8b2ab9edc33b0fbf8e29f3e761944"},{"Customer_Name":"C","Calendar_week":45,"Amount":1.0,"PickAndPay":0,"Revenue":2177.58,"Invoice_Date":"2018-11-07","Article_Number":"104944922","Article_Name":"PLUG 3 METER KABEL","Order_Form_ID":"afe8b2ab9edc33b0fbf8e29f3e761944"},{"Customer_Name":"C","Calendar_week":45,"Amount":1.0,"PickAndPay":0,"Revenue":1973.12,"Invoice_Date":"2018-11-07","Article_Number":"851038164","Article_Name":"BELLOWS","Order_Form_ID":"afe8b2ab9edc33b0fbf8e29f3e761944"},{"Customer_Name":"C","Calendar_week":45,"Amount":1.0,"PickAndPay":0,"Revenue":197.86,"Invoice_Date":"2018-11-07","Article_Number":"118308700","Article_Name":"PACKING CHARGES (CARTON) 330X163X172 MM","Order_Form_ID":"afe8b2ab9edc33b0fbf8e29f3e761944"},{"Customer_Name":"C","Calendar_week":46,"Amount":29.0,"PickAndPay":1,"Revenue":6435.18,"Invoice_Date":"2018-11-16","Article_Number":"106606930","Article_Name":"CLEAN-OUT FINGER 1,0X98X81.5","Order_Form_ID":"e03fb5f203a17d866efc17adc8b81e0c"},{"Customer_Name":"C","Calendar_week":46,"Amount":6.0,"PickAndPay":1,"Revenue":7007.61,"Invoice_Date":"2018-11-16","Article_Number":"105406902","Article_Name":"GRINDING WHEEL 50X10X16","Order_Form_ID":"e03fb5f203a17d866efc17adc8b81e0c"},{"Customer_Name":"C","Calendar_week":46,"Amount":1.0,"PickAndPay":1,"Revenue":164515.22,"Invoice_Date":"2018-11-16","Article_Number":"118027801","Article_Name":"PRESSURE BELT I-QUALITY 2540X 2800","Order_Form_ID":"e03fb5f203a17d866efc17adc8b81e0c"},{"Customer_Name":"C","Calendar_week":46,"Amount":14.0,"PickAndPay":1,"Revenue":909.07,"Invoice_Date":"2018-11-16","Article_Number":"106606921","Article_Name":"CLEAN-OUT FINGER BL1.0X98X90LG","Order_Form_ID":"e03fb5f203a17d866efc17adc8b81e0c"},{"Customer_Name":"C","Calendar_week":46,"Amount":4.0,"PickAndPay":1,"Revenue":6820.74,"Invoice_Date":"2018-11-16","Article_Number":"105337510","Article_Name":"PROFILED JOINT 20X25X637","Order_Form_ID":"e03fb5f203a17d866efc17adc8b81e0c"},{"Customer_Name":"C","Calendar_week":46,"Amount":42.0,"PickAndPay":1,"Revenue":941.77,"Invoice_Date":"2018-11-16","Article_Number":"107254200","Article_Name":"FELT 60X45MMX10","Order_Form_ID":"e03fb5f203a17d866efc17adc8b81e0c"},{"Customer_Name":"C","Calendar_week":46,"Amount":2.0,"PickAndPay":1,"Revenue":9577.06,"Invoice_Date":"2018-11-16","Article_Number":"105303998","Article_Name":"DISC CUT KNIFE 240X1,2MM,28°","Order_Form_ID":"e03fb5f203a17d866efc17adc8b81e0c"},{"Customer_Name":"C","Calendar_week":46,"Amount":1.0,"PickAndPay":1,"Revenue":36369.47,"Invoice_Date":"2018-11-16","Article_Number":"103091403","Article_Name":"CONVERTER","Order_Form_ID":"e03fb5f203a17d866efc17adc8b81e0c"},{"Customer_Name":"C","Calendar_week":47,"Amount":1.0,"PickAndPay":1,"Revenue":2663.44,"Invoice_Date":"2018-11-20","Article_Number":"P030FR001","Article_Name":"FREIGHT CHARGES","Order_Form_ID":"8a0ab18ed39d6971e7cf6f76eb9987df"},{"Customer_Name":"C","Calendar_week":47,"Amount":1.0,"PickAndPay":1,"Revenue":2671.13,"Invoice_Date":"2018-11-20","Article_Number":"P030PA001","Article_Name":"PACKING","Order_Form_ID":"8a0ab18ed39d6971e7cf6f76eb9987df"},{"Customer_Name":"C","Calendar_week":50,"Amount":2.0,"PickAndPay":0,"Revenue":2335.87,"Invoice_Date":"2018-12-12","Article_Number":"105406902","Article_Name":"GRINDING WHEEL 50X10X16","Order_Form_ID":"996ba09dafdee5dcf3af7771342a7529"},{"Customer_Name":"C","Calendar_week":50,"Amount":37.0,"PickAndPay":0,"Revenue":2402.65,"Invoice_Date":"2018-12-12","Article_Number":"106606921","Article_Name":"CLEAN-OUT FINGER BL1.0X98X90LG","Order_Form_ID":"996ba09dafdee5dcf3af7771342a7529"},{"Customer_Name":"C","Calendar_week":50,"Amount":25.0,"PickAndPay":0,"Revenue":9577.06,"Invoice_Date":"2018-12-12","Article_Number":"107440100","Article_Name":"NAP FOIL 120 MM BR\/25 M","Order_Form_ID":"996ba09dafdee5dcf3af7771342a7529"},{"Customer_Name":"C","Calendar_week":50,"Amount":14.0,"PickAndPay":0,"Revenue":313.83,"Invoice_Date":"2018-12-12","Article_Number":"107254200","Article_Name":"FELT 60X45MMX10","Order_Form_ID":"996ba09dafdee5dcf3af7771342a7529"},{"Customer_Name":"C","Calendar_week":50,"Amount":1.0,"PickAndPay":0,"Revenue":4788.53,"Invoice_Date":"2018-12-12","Article_Number":"105303998","Article_Name":"DISC CUT KNIFE 240X1,2MM,28°","Order_Form_ID":"996ba09dafdee5dcf3af7771342a7529"},{"Customer_Name":"C","Calendar_week":51,"Amount":60.0,"PickAndPay":0,"Revenue":22655.73,"Invoice_Date":"2018-12-18","Article_Number":"139372425","Article_Name":"FRICTION LINING 50MM \/60M","Order_Form_ID":"28409fd1530975654c53ac7a407d261d"},{"Customer_Name":"C","Calendar_week":51,"Amount":1.0,"PickAndPay":0,"Revenue":197.86,"Invoice_Date":"2018-12-18","Article_Number":"110991008","Article_Name":"PACKING CHARGES (CARTON) 720X720X70","Order_Form_ID":"28409fd1530975654c53ac7a407d261d"},{"Customer_Name":"C","Calendar_week":52,"Amount":1.0,"PickAndPay":0,"Revenue":1566.41,"Invoice_Date":"2018-12-28","Article_Number":"P030FR001","Article_Name":"FREIGHT CHARGES","Order_Form_ID":"919406ba0a27aab0d9e0e410bd6a5528"},{"Customer_Name":"C","Calendar_week":52,"Amount":1.0,"PickAndPay":0,"Revenue":192.37,"Invoice_Date":"2018-12-28","Article_Number":"P030PA001","Article_Name":"PACKING","Order_Form_ID":"919406ba0a27aab0d9e0e410bd6a5528"},{"Customer_Name":"C","Calendar_week":52,"Amount":30.0,"PickAndPay":1,"Revenue":6657.23,"Invoice_Date":"2018-12-28","Article_Number":"106606930","Article_Name":"CLEAN-OUT FINGER 1,0X98X81.5","Order_Form_ID":"ac44650ddbc0675f6b56de06aff25d44"},{"Customer_Name":"C","Calendar_week":52,"Amount":8.0,"PickAndPay":1,"Revenue":9343.47,"Invoice_Date":"2018-12-28","Article_Number":"105406902","Article_Name":"GRINDING WHEEL 50X10X16","Order_Form_ID":"ac44650ddbc0675f6b56de06aff25d44"},{"Customer_Name":"C","Calendar_week":52,"Amount":8.0,"PickAndPay":1,"Revenue":519.39,"Invoice_Date":"2018-12-28","Article_Number":"106606921","Article_Name":"CLEAN-OUT FINGER BL1.0X98X90LG","Order_Form_ID":"ac44650ddbc0675f6b56de06aff25d44"},{"Customer_Name":"C","Calendar_week":52,"Amount":14.0,"PickAndPay":1,"Revenue":313.83,"Invoice_Date":"2018-12-28","Article_Number":"107254200","Article_Name":"FELT 60X45MMX10","Order_Form_ID":"ac44650ddbc0675f6b56de06aff25d44"},{"Customer_Name":"C","Calendar_week":52,"Amount":1.0,"PickAndPay":1,"Revenue":1775.26,"Invoice_Date":"2018-12-28","Article_Number":"106885100","Article_Name":"RADIAL SHAFT SEAL 188X225X15","Order_Form_ID":"ac44650ddbc0675f6b56de06aff25d44"},{"Customer_Name":"C","Calendar_week":52,"Amount":1.0,"PickAndPay":1,"Revenue":118.99,"Invoice_Date":"2018-12-28","Article_Number":"104212300","Article_Name":"O-RING 240,00X5,00","Order_Form_ID":"ac44650ddbc0675f6b56de06aff25d44"},{"Customer_Name":"C","Calendar_week":52,"Amount":4.0,"PickAndPay":1,"Revenue":19154.12,"Invoice_Date":"2018-12-28","Article_Number":"105303998","Article_Name":"DISC CUT KNIFE 240X1,2MM,28°","Order_Form_ID":"ac44650ddbc0675f6b56de06aff25d44"},{"Customer_Name":"C","Calendar_week":2,"Amount":1.0,"PickAndPay":1,"Revenue":1350.68,"Invoice_Date":"2019-01-11","Article_Number":"P030FR001","Article_Name":"FREIGHT CHARGES","Order_Form_ID":"53a45e7325b8912391a062d70b726b0c"},{"Customer_Name":"C","Calendar_week":2,"Amount":1.0,"PickAndPay":1,"Revenue":197.86,"Invoice_Date":"2019-01-11","Article_Number":"P030PA001","Article_Name":"PACKING","Order_Form_ID":"53a45e7325b8912391a062d70b726b0c"},{"Customer_Name":"C","Calendar_week":5,"Amount":1.0,"PickAndPay":0,"Revenue":16138.93,"Invoice_Date":"2019-02-01","Article_Number":"119761650","Article_Name":"BEARINGS AND ACCESSORIES","Order_Form_ID":"2215ac13944a6ce0012ca46509c86030"},{"Customer_Name":"C","Calendar_week":5,"Amount":1.0,"PickAndPay":0,"Revenue":15903.42,"Invoice_Date":"2019-02-01","Article_Number":"115975800","Article_Name":"BEARINGS AND ACCESSORIES","Order_Form_ID":"2215ac13944a6ce0012ca46509c86030"},{"Customer_Name":"C","Calendar_week":5,"Amount":1.0,"PickAndPay":0,"Revenue":197.86,"Invoice_Date":"2019-02-01","Article_Number":"110991002","Article_Name":"PACKING CHARGES (CARTON) 300X300X200","Order_Form_ID":"2215ac13944a6ce0012ca46509c86030"},{"Customer_Name":"C","Calendar_week":6,"Amount":16.0,"PickAndPay":1,"Revenue":24.73,"Invoice_Date":"2019-02-06","Article_Number":"106606930","Article_Name":"CLEAN-OUT FINGER 1,0X98X81.5","Order_Form_ID":"1d7c5924cac6da5c78dfa4cbf8028e29"},{"Customer_Name":"C","Calendar_week":6,"Amount":2.0,"PickAndPay":1,"Revenue":2.47,"Invoice_Date":"2019-02-06","Article_Number":"105406902","Article_Name":"GRINDING WHEEL 50X10X16","Order_Form_ID":"1d7c5924cac6da5c78dfa4cbf8028e29"},{"Customer_Name":"C","Calendar_week":6,"Amount":28.0,"PickAndPay":1,"Revenue":5.77,"Invoice_Date":"2019-02-06","Article_Number":"107254200","Article_Name":"FELT 60X45MMX10","Order_Form_ID":"1d7c5924cac6da5c78dfa4cbf8028e29"},{"Customer_Name":"C","Calendar_week":6,"Amount":17.0,"PickAndPay":1,"Revenue":469.37,"Invoice_Date":"2019-02-06","Article_Number":"123052320","Article_Name":"NO-CRUSH-ROLLER 165X65X50","Order_Form_ID":"1d7c5924cac6da5c78dfa4cbf8028e29"},{"Customer_Name":"C","Calendar_week":6,"Amount":1.0,"PickAndPay":1,"Revenue":52.21,"Invoice_Date":"2019-02-06","Article_Number":"105303998","Article_Name":"DISC CUT KNIFE 240X1,2MM,28°","Order_Form_ID":"1d7c5924cac6da5c78dfa4cbf8028e29"},{"Customer_Name":"C","Calendar_week":6,"Amount":1.0,"PickAndPay":1,"Revenue":2030.56,"Invoice_Date":"2019-02-06","Article_Number":"118027801","Article_Name":"PRESSURE BELT I-QUALITY 2540X 2800","Order_Form_ID":"1d7c5924cac6da5c78dfa4cbf8028e29"},{"Customer_Name":"C","Calendar_week":6,"Amount":1.0,"PickAndPay":1,"Revenue":2473.27,"Invoice_Date":"2019-02-06","Article_Number":"V00000015","Article_Name":"PACKING CHARGES (BOX) 3130X410X310MM","Order_Form_ID":"1d7c5924cac6da5c78dfa4cbf8028e29"},{"Customer_Name":"C","Calendar_week":6,"Amount":1.0,"PickAndPay":1,"Revenue":197.86,"Invoice_Date":"2019-02-06","Article_Number":"110991004","Article_Name":"PACKING CHARGES (CARTON) 610X410X230","Order_Form_ID":"1d7c5924cac6da5c78dfa4cbf8028e29"},{"Customer_Name":"C","Calendar_week":6,"Amount":16.0,"PickAndPay":1,"Revenue":3550.52,"Invoice_Date":"2019-02-06","Article_Number":"106606930","Article_Name":"CLEAN-OUT FINGER 1,0X98X81.5","Order_Form_ID":"1a4324ec64fbd0e517c165deb96e5603"},{"Customer_Name":"C","Calendar_week":6,"Amount":2.0,"PickAndPay":1,"Revenue":2335.87,"Invoice_Date":"2019-02-06","Article_Number":"105406902","Article_Name":"GRINDING WHEEL 50X10X16","Order_Form_ID":"1a4324ec64fbd0e517c165deb96e5603"},{"Customer_Name":"C","Calendar_week":6,"Amount":28.0,"PickAndPay":1,"Revenue":627.94,"Invoice_Date":"2019-02-06","Article_Number":"107254200","Article_Name":"FELT 60X45MMX10","Order_Form_ID":"1a4324ec64fbd0e517c165deb96e5603"},{"Customer_Name":"C","Calendar_week":6,"Amount":17.0,"PickAndPay":1,"Revenue":8378.62,"Invoice_Date":"2019-02-06","Article_Number":"123052320","Article_Name":"NO-CRUSH-ROLLER 165X65X50","Order_Form_ID":"1a4324ec64fbd0e517c165deb96e5603"},{"Customer_Name":"C","Calendar_week":6,"Amount":1.0,"PickAndPay":1,"Revenue":4788.53,"Invoice_Date":"2019-02-06","Article_Number":"105303998","Article_Name":"DISC CUT KNIFE 240X1,2MM,28°","Order_Form_ID":"1a4324ec64fbd0e517c165deb96e5603"},{"Customer_Name":"C","Calendar_week":6,"Amount":1.0,"PickAndPay":1,"Revenue":183435.75,"Invoice_Date":"2019-02-06","Article_Number":"118027801","Article_Name":"PRESSURE BELT I-QUALITY 2540X 2800","Order_Form_ID":"1a4324ec64fbd0e517c165deb96e5603"},{"Customer_Name":"C","Calendar_week":8,"Amount":12.0,"PickAndPay":0,"Revenue":15955.63,"Invoice_Date":"2019-02-18","Article_Number":"135620122","Article_Name":"CARBON BRUSH","Order_Form_ID":"9e7761abb8b192aa71d48a6a2a067b83"},{"Customer_Name":"C","Calendar_week":8,"Amount":1.0,"PickAndPay":0,"Revenue":197.86,"Invoice_Date":"2019-02-18","Article_Number":"110991001","Article_Name":"PACKING CHARGES (CARTON) 200X200X150","Order_Form_ID":"9e7761abb8b192aa71d48a6a2a067b83"},{"Customer_Name":"C","Calendar_week":9,"Amount":1.0,"PickAndPay":0,"Revenue":21748.58,"Invoice_Date":"2019-02-25","Article_Number":"171596","Article_Name":"TACHOGENERATOR 60V\/1000UPM\/56KW","Order_Form_ID":"bdd95831bb77fab11f4e725e7052c87c"},{"Customer_Name":"C","Calendar_week":9,"Amount":1.0,"PickAndPay":0,"Revenue":197.86,"Invoice_Date":"2019-02-25","Article_Number":"110991001","Article_Name":"PACKING CHARGES (CARTON) 200X200X150","Order_Form_ID":"bdd95831bb77fab11f4e725e7052c87c"},{"Customer_Name":"C","Calendar_week":9,"Amount":1.0,"PickAndPay":0,"Revenue":235886.99,"Invoice_Date":"2019-02-28","Article_Number":"143334725","Article_Name":"HOT PLATE AB-2500","Order_Form_ID":"dbfad6d4beaf7b2a66caceda973a8ad5"},{"Customer_Name":"C","Calendar_week":9,"Amount":1.0,"PickAndPay":0,"Revenue":5556.07,"Invoice_Date":"2019-02-28","Article_Number":"109420500","Article_Name":"ADJUSTING SCREW","Order_Form_ID":"dbfad6d4beaf7b2a66caceda973a8ad5"},{"Customer_Name":"C","Calendar_week":9,"Amount":1.0,"PickAndPay":0,"Revenue":12366.36,"Invoice_Date":"2019-02-28","Article_Number":"V00000024","Article_Name":"PACKING CHARGES (BOX)","Order_Form_ID":"dbfad6d4beaf7b2a66caceda973a8ad5"},{"Customer_Name":"C","Calendar_week":9,"Amount":1.0,"PickAndPay":0,"Revenue":197.86,"Invoice_Date":"2019-02-28","Article_Number":"110991001","Article_Name":"PACKING CHARGES (CARTON) 200X200X150","Order_Form_ID":"dbfad6d4beaf7b2a66caceda973a8ad5"},{"Customer_Name":"C","Calendar_week":11,"Amount":6.0,"PickAndPay":1,"Revenue":7007.61,"Invoice_Date":"2019-03-13","Article_Number":"105406902","Article_Name":"GRINDING WHEEL 50X10X16","Order_Form_ID":"dd6a5bddb0987c5b78a622fb2e384f51"},{"Customer_Name":"C","Calendar_week":11,"Amount":2.0,"PickAndPay":1,"Revenue":3130.06,"Invoice_Date":"2019-03-13","Article_Number":"111125301","Article_Name":"GLUE DAM JOINT 3X260X220","Order_Form_ID":"dd6a5bddb0987c5b78a622fb2e384f51"},{"Customer_Name":"C","Calendar_week":11,"Amount":14.0,"PickAndPay":1,"Revenue":313.83,"Invoice_Date":"2019-03-13","Article_Number":"107254200","Article_Name":"FELT 60X45MMX10","Order_Form_ID":"dd6a5bddb0987c5b78a622fb2e384f51"},{"Customer_Name":"C","Calendar_week":11,"Amount":1.0,"PickAndPay":1,"Revenue":1424.88,"Invoice_Date":"2019-03-13","Article_Number":"111125199","Article_Name":"GLUE DAM JOINT 3X128X197","Order_Form_ID":"dd6a5bddb0987c5b78a622fb2e384f51"},{"Customer_Name":"C","Calendar_week":11,"Amount":1.0,"PickAndPay":1,"Revenue":1424.88,"Invoice_Date":"2019-03-13","Article_Number":"111125198","Article_Name":"GLUE DAM JOINT 3X128X197","Order_Form_ID":"dd6a5bddb0987c5b78a622fb2e384f51"},{"Customer_Name":"C","Calendar_week":11,"Amount":3.0,"PickAndPay":1,"Revenue":14365.59,"Invoice_Date":"2019-03-13","Article_Number":"105303998","Article_Name":"DISC CUT KNIFE 240X1,2MM,28°","Order_Form_ID":"dd6a5bddb0987c5b78a622fb2e384f51"},{"Customer_Name":"C","Calendar_week":11,"Amount":1.0,"PickAndPay":1,"Revenue":1331.45,"Invoice_Date":"2019-03-13","Article_Number":"163270925","Article_Name":"SCRAPER BLADE CORRUDUR® 2550X50X1,5","Order_Form_ID":"dd6a5bddb0987c5b78a622fb2e384f51"},{"Customer_Name":"C","Calendar_week":12,"Amount":2.0,"PickAndPay":0,"Revenue":50845.26,"Invoice_Date":"2019-03-18","Article_Number":"110031420","Article_Name":"HYDRAULIC CYLINDER 40X380-R1\/4\"","Order_Form_ID":"824e8e937c692f7e3c2f8e59671743da"},{"Customer_Name":"C","Calendar_week":12,"Amount":1.0,"PickAndPay":0,"Revenue":446.84,"Invoice_Date":"2019-03-18","Article_Number":"171596.01","Article_Name":"CARBON BRUSH","Order_Form_ID":"824e8e937c692f7e3c2f8e59671743da"},{"Customer_Name":"C","Calendar_week":12,"Amount":1.0,"PickAndPay":0,"Revenue":197.86,"Invoice_Date":"2019-03-18","Article_Number":"110991006","Article_Name":"PACKING CHARGES (CARTON) 700X200X200","Order_Form_ID":"824e8e937c692f7e3c2f8e59671743da"},{"Customer_Name":"C","Calendar_week":12,"Amount":6.0,"PickAndPay":1,"Revenue":88.21,"Invoice_Date":"2019-03-21","Article_Number":"105406902","Article_Name":"GRINDING WHEEL 50X10X16","Order_Form_ID":"6760744fe1cbe438043782d45e4a9541"},{"Customer_Name":"C","Calendar_week":12,"Amount":2.0,"PickAndPay":1,"Revenue":742.26,"Invoice_Date":"2019-03-21","Article_Number":"111125301","Article_Name":"GLUE DAM JOINT 3X260X220","Order_Form_ID":"6760744fe1cbe438043782d45e4a9541"},{"Customer_Name":"C","Calendar_week":12,"Amount":14.0,"PickAndPay":1,"Revenue":34.08,"Invoice_Date":"2019-03-21","Article_Number":"107254200","Article_Name":"FELT 60X45MMX10","Order_Form_ID":"6760744fe1cbe438043782d45e4a9541"},{"Customer_Name":"C","Calendar_week":12,"Amount":1.0,"PickAndPay":1,"Revenue":117.34,"Invoice_Date":"2019-03-21","Article_Number":"111125199","Article_Name":"GLUE DAM JOINT 3X128X197","Order_Form_ID":"6760744fe1cbe438043782d45e4a9541"},{"Customer_Name":"C","Calendar_week":12,"Amount":1.0,"PickAndPay":1,"Revenue":131.63,"Invoice_Date":"2019-03-21","Article_Number":"111125198","Article_Name":"GLUE DAM JOINT 3X128X197","Order_Form_ID":"6760744fe1cbe438043782d45e4a9541"},{"Customer_Name":"C","Calendar_week":12,"Amount":3.0,"PickAndPay":1,"Revenue":1870.62,"Invoice_Date":"2019-03-21","Article_Number":"105303998","Article_Name":"DISC CUT KNIFE 240X1,2MM,28°","Order_Form_ID":"6760744fe1cbe438043782d45e4a9541"},{"Customer_Name":"C","Calendar_week":12,"Amount":1.0,"PickAndPay":1,"Revenue":214.08,"Invoice_Date":"2019-03-21","Article_Number":"163270925","Article_Name":"SCRAPER BLADE CORRUDUR® 2550X50X1,5","Order_Form_ID":"6760744fe1cbe438043782d45e4a9541"},{"Customer_Name":"C","Calendar_week":12,"Amount":1.0,"PickAndPay":1,"Revenue":197.86,"Invoice_Date":"2019-03-21","Article_Number":"110991008","Article_Name":"PACKING CHARGES (CARTON) 720X720X70","Order_Form_ID":"6760744fe1cbe438043782d45e4a9541"},{"Customer_Name":"C","Calendar_week":12,"Amount":1.0,"PickAndPay":1,"Revenue":197.86,"Invoice_Date":"2019-03-21","Article_Number":"110991003","Article_Name":"PACKING CHARGES (CARTON) 360X360X250","Order_Form_ID":"6760744fe1cbe438043782d45e4a9541"},{"Customer_Name":"C","Calendar_week":12,"Amount":1.0,"PickAndPay":0,"Revenue":348878.72,"Invoice_Date":"2019-03-21","Article_Number":"33200150M","Article_Name":"LEVER","Order_Form_ID":"b40223aae1ceee57a44e2d6e338aff82"},{"Customer_Name":"C","Calendar_week":12,"Amount":1.0,"PickAndPay":0,"Revenue":343574.65,"Invoice_Date":"2019-03-21","Article_Number":"33200160M","Article_Name":"LEVER","Order_Form_ID":"b40223aae1ceee57a44e2d6e338aff82"},{"Customer_Name":"C","Calendar_week":12,"Amount":1.0,"PickAndPay":0,"Revenue":65531.83,"Invoice_Date":"2019-03-21","Article_Number":"332000900","Article_Name":"STOP","Order_Form_ID":"b40223aae1ceee57a44e2d6e338aff82"},{"Customer_Name":"C","Calendar_week":12,"Amount":1.0,"PickAndPay":0,"Revenue":65531.83,"Invoice_Date":"2019-03-21","Article_Number":"332001000","Article_Name":"STOP","Order_Form_ID":"b40223aae1ceee57a44e2d6e338aff82"},{"Customer_Name":"C","Calendar_week":12,"Amount":2.0,"PickAndPay":0,"Revenue":19320.11,"Invoice_Date":"2019-03-21","Article_Number":"172131800","Article_Name":"ECCENTRIC","Order_Form_ID":"b40223aae1ceee57a44e2d6e338aff82"},{"Customer_Name":"C","Calendar_week":12,"Amount":2.0,"PickAndPay":0,"Revenue":2430.13,"Invoice_Date":"2019-03-21","Article_Number":"172168701","Article_Name":"COVER","Order_Form_ID":"b40223aae1ceee57a44e2d6e338aff82"},{"Customer_Name":"C","Calendar_week":12,"Amount":2.0,"PickAndPay":0,"Revenue":6595.39,"Invoice_Date":"2019-03-21","Article_Number":"V00000024","Article_Name":"PACKING CHARGES (BOX)","Order_Form_ID":"b40223aae1ceee57a44e2d6e338aff82"},{"Customer_Name":"C","Calendar_week":18,"Amount":16.0,"PickAndPay":1,"Revenue":1039.05,"Invoice_Date":"2019-04-29","Article_Number":"106606921","Article_Name":"CLEAN-OUT FINGER BL1.0X98X90LG","Order_Form_ID":"954984118cdb9ea90fecb9a4b270b818"},{"Customer_Name":"C","Calendar_week":18,"Amount":71.0,"PickAndPay":1,"Revenue":15755.3,"Invoice_Date":"2019-04-29","Article_Number":"106606930","Article_Name":"CLEAN-OUT FINGER 1,0X98X81.5","Order_Form_ID":"954984118cdb9ea90fecb9a4b270b818"},{"Customer_Name":"C","Calendar_week":18,"Amount":1.0,"PickAndPay":1,"Revenue":565.28,"Invoice_Date":"2019-04-29","Article_Number":"105450500","Article_Name":"TOOTHED BELT HTD 30X8MX1440","Order_Form_ID":"954984118cdb9ea90fecb9a4b270b818"},{"Customer_Name":"C","Calendar_week":18,"Amount":50.0,"PickAndPay":1,"Revenue":24643.41,"Invoice_Date":"2019-04-29","Article_Number":"123052320","Article_Name":"NO-CRUSH-ROLLER 165X65X50","Order_Form_ID":"954984118cdb9ea90fecb9a4b270b818"},{"Customer_Name":"C","Calendar_week":18,"Amount":2.0,"PickAndPay":1,"Revenue":3130.06,"Invoice_Date":"2019-04-29","Article_Number":"111125301","Article_Name":"GLUE DAM JOINT 3X260X220","Order_Form_ID":"954984118cdb9ea90fecb9a4b270b818"},{"Customer_Name":"C","Calendar_week":18,"Amount":1.0,"PickAndPay":1,"Revenue":1424.88,"Invoice_Date":"2019-04-29","Article_Number":"111125199","Article_Name":"GLUE DAM JOINT 3X128X197","Order_Form_ID":"954984118cdb9ea90fecb9a4b270b818"},{"Customer_Name":"C","Calendar_week":18,"Amount":1.0,"PickAndPay":1,"Revenue":1424.88,"Invoice_Date":"2019-04-29","Article_Number":"111125198","Article_Name":"GLUE DAM JOINT 3X128X197","Order_Form_ID":"954984118cdb9ea90fecb9a4b270b818"},{"Customer_Name":"C","Calendar_week":18,"Amount":1.0,"PickAndPay":1,"Revenue":1331.45,"Invoice_Date":"2019-04-29","Article_Number":"163270925","Article_Name":"SCRAPER BLADE CORRUDUR® 2550X50X1,5","Order_Form_ID":"954984118cdb9ea90fecb9a4b270b818"},{"Customer_Name":"C","Calendar_week":18,"Amount":24.0,"PickAndPay":1,"Revenue":3812.14,"Invoice_Date":"2019-04-29","Article_Number":"103101000","Article_Name":"PLASTIC PLATE 60X6X180","Order_Form_ID":"954984118cdb9ea90fecb9a4b270b818"},{"Customer_Name":"C","Calendar_week":18,"Amount":16.0,"PickAndPay":1,"Revenue":25.56,"Invoice_Date":"2019-05-02","Article_Number":"106606921","Article_Name":"CLEAN-OUT FINGER BL1.0X98X90LG","Order_Form_ID":"25bc17ede86aa9475f48eec61530d782"},{"Customer_Name":"C","Calendar_week":18,"Amount":71.0,"PickAndPay":1,"Revenue":84.92,"Invoice_Date":"2019-05-02","Article_Number":"106606930","Article_Name":"CLEAN-OUT FINGER 1,0X98X81.5","Order_Form_ID":"25bc17ede86aa9475f48eec61530d782"},{"Customer_Name":"C","Calendar_week":18,"Amount":1.0,"PickAndPay":1,"Revenue":9.89,"Invoice_Date":"2019-05-02","Article_Number":"105450500","Article_Name":"TOOTHED BELT HTD 30X8MX1440","Order_Form_ID":"25bc17ede86aa9475f48eec61530d782"},{"Customer_Name":"C","Calendar_week":18,"Amount":50.0,"PickAndPay":1,"Revenue":1075.05,"Invoice_Date":"2019-05-02","Article_Number":"123052320","Article_Name":"NO-CRUSH-ROLLER 165X65X50","Order_Form_ID":"25bc17ede86aa9475f48eec61530d782"},{"Customer_Name":"C","Calendar_week":18,"Amount":2.0,"PickAndPay":1,"Revenue":48.37,"Invoice_Date":"2019-05-02","Article_Number":"111125301","Article_Name":"GLUE DAM JOINT 3X260X220","Order_Form_ID":"25bc17ede86aa9475f48eec61530d782"},{"Customer_Name":"C","Calendar_week":18,"Amount":1.0,"PickAndPay":1,"Revenue":7.69,"Invoice_Date":"2019-05-02","Article_Number":"111125199","Article_Name":"GLUE DAM JOINT 3X128X197","Order_Form_ID":"25bc17ede86aa9475f48eec61530d782"},{"Customer_Name":"C","Calendar_week":18,"Amount":1.0,"PickAndPay":1,"Revenue":8.52,"Invoice_Date":"2019-05-02","Article_Number":"111125198","Article_Name":"GLUE DAM JOINT 3X128X197","Order_Form_ID":"25bc17ede86aa9475f48eec61530d782"},{"Customer_Name":"C","Calendar_week":18,"Amount":1.0,"PickAndPay":1,"Revenue":14.02,"Invoice_Date":"2019-05-02","Article_Number":"163270925","Article_Name":"SCRAPER BLADE CORRUDUR® 2550X50X1,5","Order_Form_ID":"25bc17ede86aa9475f48eec61530d782"},{"Customer_Name":"C","Calendar_week":18,"Amount":24.0,"PickAndPay":1,"Revenue":19.24,"Invoice_Date":"2019-05-02","Article_Number":"103101000","Article_Name":"PLASTIC PLATE 60X6X180","Order_Form_ID":"25bc17ede86aa9475f48eec61530d782"},{"Customer_Name":"C","Calendar_week":18,"Amount":1.0,"PickAndPay":1,"Revenue":1126.71,"Invoice_Date":"2019-05-02","Article_Number":"110680400","Article_Name":"PACKING CHARGES (PAL-BOX I) 830X580X680","Order_Form_ID":"25bc17ede86aa9475f48eec61530d782"},{"Customer_Name":"C","Calendar_week":19,"Amount":1.0,"PickAndPay":0,"Revenue":86373.82,"Invoice_Date":"2019-05-08","Article_Number":"100557902","Article_Name":"SPLICING ROLL 152X2562\/2550","Order_Form_ID":"1830735793bc999a12b08a3d45128792"},{"Customer_Name":"C","Calendar_week":19,"Amount":1.0,"PickAndPay":0,"Revenue":7694.63,"Invoice_Date":"2019-05-08","Article_Number":"V00000010","Article_Name":"PACKING CHARGES (BOX) 3280X280X410MM","Order_Form_ID":"1830735793bc999a12b08a3d45128792"},{"Customer_Name":"C","Calendar_week":23,"Amount":-1.0,"PickAndPay":1,"Revenue":-100862.8,"Invoice_Date":"2019-06-03","Article_Number":"295324020","Article_Name":"CONVERTER 1XELEKTRONIK 2XSENSOR","Order_Form_ID":"4b0432da2f947a81967f9bab59e91a4b"},{"Customer_Name":"C","Calendar_week":23,"Amount":25.0,"PickAndPay":1,"Revenue":9577.06,"Invoice_Date":"2019-06-04","Article_Number":"107440100","Article_Name":"NAP FOIL 120 MM BR\/25 M","Order_Form_ID":"2f5057173ef7a29e847f0cd1809ac4b6"},{"Customer_Name":"C","Calendar_week":23,"Amount":1.0,"PickAndPay":1,"Revenue":100862.8,"Invoice_Date":"2019-06-04","Article_Number":"295324020","Article_Name":"CONVERTER 1XELEKTRONIK 2XSENSOR","Order_Form_ID":"2f5057173ef7a29e847f0cd1809ac4b6"},{"Customer_Name":"C","Calendar_week":23,"Amount":1.0,"PickAndPay":1,"Revenue":34640.93,"Invoice_Date":"2019-06-04","Article_Number":"103091402","Article_Name":"PROXIMITY TRANSDUCER","Order_Form_ID":"2f5057173ef7a29e847f0cd1809ac4b6"},{"Customer_Name":"C","Calendar_week":24,"Amount":25.0,"PickAndPay":1,"Revenue":2864.87,"Invoice_Date":"2019-06-12","Article_Number":"107440100","Article_Name":"NAP FOIL 120 MM BR\/25 M","Order_Form_ID":"85aaed14c3a295642cb42e2cd671f2df"},{"Customer_Name":"C","Calendar_week":24,"Amount":1.0,"PickAndPay":1,"Revenue":220.4,"Invoice_Date":"2019-06-12","Article_Number":"295324020","Article_Name":"CONVERTER 1XELEKTRONIK 2XSENSOR","Order_Form_ID":"85aaed14c3a295642cb42e2cd671f2df"},{"Customer_Name":"C","Calendar_week":24,"Amount":1.0,"PickAndPay":1,"Revenue":197.86,"Invoice_Date":"2019-06-12","Article_Number":"110991003","Article_Name":"PACKING CHARGES (CARTON) 360X360X250","Order_Form_ID":"85aaed14c3a295642cb42e2cd671f2df"},{"Customer_Name":"C","Calendar_week":25,"Amount":30.0,"PickAndPay":1,"Revenue":707.63,"Invoice_Date":"2019-06-19","Article_Number":"106606921","Article_Name":"CLEAN-OUT FINGER BL1.0X98X90LG","Order_Form_ID":"aeba393e2d158ed9987f642a64da9836"},{"Customer_Name":"C","Calendar_week":25,"Amount":1.0,"PickAndPay":1,"Revenue":197.86,"Invoice_Date":"2019-06-19","Article_Number":"110991000","Article_Name":"PACKING CHARGES (CARTON) 200X200X80","Order_Form_ID":"aeba393e2d158ed9987f642a64da9836"}]}